1945 3381
1114 256 1170 297 26

452 407 769 462 Subsequitur
815 407 1012 462 lacuna,
1062 407 1234 451 deinde
1281 407 1535 451 incidimus
1580 408 1624 451 in
1674 409 1880 453 mediam

394 496 665 540 orationem
714 495 995 548 Quartillae.
1033 495 1220 551 „Ideo”,
1255 496 1434 551 inquit,
1471 496 1631 551 „vetui
1664 497 1806 541 hodie
1835 498 1881 541 in

393 584 486 627 hoe
505 584 783 628 deversorio
809 599 1097 639 quemquam
1115 584 1391 628 mortalium
1413 585 1651 629 ‘admittis’
1669 585 1882 639 Quorum

396 673 650 717 verborum
686 673 926 717 sententia
954 673 1082 717 haud
1111 673 1318 717 obscura
1350 674 1463 728 erit,
1497 675 1533 718 si
1568 689 1654 729 pro
1689 675 1883 731 „dever-

395 762 551 806 sorio”
602 762 885 805 restituetur
926 762 1325 817 „deversorium”.
1360 762 1421 806 Et
1454 777 1650 807 causam
1687 763 1883 806 vetandi

395 865 490 894 uno
533 852 701 894 tenore
750 850 908 893 addit:
961 852 1041 905 „ut
1079 851 1342 894 remedium
1385 851 1624 895 tertianae
1656 852 1757 896 sine
1784 851 1884 895 ulla

394 939 784 994 interpellatione
834 954 862 981 a
896 939 1031 983 vobis
1065 939 1378 994 accipere1n”.
1414 940 1534 983 Tam
1567 941 1741 984 misera
1775 955 1883 985 con-

395 1027 585 1071 dicione
628 1028 875 1082 proposita
928 1028 1058 1072 varie
1107 1028 1323 1072 adfectat
1372 1029 1655 1084 pudicorum
1700 1030 1884 1075 adules-

396 1116 607 1160 centium
642 1116 839 1160 animos.
877 1117 1106 1172 Ascyltus
1136 1117 1379 1172 paulisper
1412 1118 1685 1173 obstupuit,
1714 1118 1884 1162 Encol-

396 1205 500 1260 pius
554 1208 717 1249 autem
776 1205 996 1261 frigidior
1052 1206 1210 1249 hieme
1257 1206 1447 1250 Gallica
1493 1207 1652 1251 factus
1699 1207 1885 1250 nullum

396 1293 554 1348 potuit
590 1293 788 1337 verbum
818 1295 1050 1338 emittere.
1072 1295 1301 1338 Animum
1320 1299 1482 1339 tamen
1500 1310 1596 1339 non
1616 1295 1886 1351 despondet

397 1385 445 1426 et
488 1383 579 1425 hac
627 1398 677 1426 re
721 1386 1036 1427 confirmatur
1079 1385 1205 1439 quod
1254 1384 1406 1439 probe
1448 1384 1616 1439 sentit,
1652 1387 1885 1440 quantum

396 1471 497 1526 ipse
545 1486 651 1514 cum
701 1472 993 1515 administris
1040 1472 1135 1516 suis
1179 1488 1435 1528 eorporum
1466 1472 1645 1517 viribus
1672 1475 1886 1528 praestet

396 1560 548 1604 tribus
595 1561 889 1605 mulierculis
936 1562 1281 1605 infirmissimis.
1317 1562 1503 1606 Deinde
1532 1561 1885 1618 cogitationum

398 1650 498 1694 eius
541 1651 659 1695 ordo
703 1651 770 1695 sic
804 1652 1133 1707 progreditur:
1172 1654 1247 1707 „et
1280 1651 1542 1706 praecincti
1578 1653 1708 1695 certe
1742 1651 1886 1695 altius

398 1756 600 1785 eramus.
647 1741 791 1784 imino
830 1756 920 1797 ego
954 1741 1021 1785 sie
1055 1741 1150 1784 iam
1185 1742 1319 1796 paria,
1351 1756 1742 1796 composueram,
1776 1743 1829 1784 ut
1848 1741 1882 1785 si

399 1831 773 1886 depugnandum
824 1832 962 1885 foret,
1007 1831 1104 1886 ipse
1139 1846 1247 1874 euin
1282 1830 1516 1883 Quartilla
1549 1830 1885 1884 consisterem,

400 1920 630 1975 Ascyltus
664 1935 773 1963 eum
807 1919 1007 1973 ancilla,
1034 1919 1181 1964 Giton
1207 1934 1316 1963 cum
1338 1919 1564 1975 virgine”.
1586 1917 1718 1971 Quae
1740 1918 1887 1963 verba

399 2009 580 2064 optime
641 2009 881 2052 illustrant
937 2008 1045 2052 belli
1094 2009 1288 2063 gerendi
1340 2008 1575 2052 rationem
1624 2008 1684 2051 ab
1729 2008 1886 2051 amico

399 2105 565 2141 nostro
595 2097 899 2152 deseriptam.
932 2097 1022 2141 Sed
1044 2097 1251 2141 offendit
1270 2113 1344 2140 me
1364 2097 1646 2141 adverbium
1668 2096 1886 2152 „immo'',

401 2188 526 2243 quod
576 2187 652 2230 hie
703 2189 837 2230 earet
885 2187 1083 2242 cognita
1130 2202 1213 2230 sua
1267 2186 1310 2228 vi
1356 2186 1585 2241 negativa
1630 2190 1677 2229 et
1711 2187 1887 2242 perspi-

402 2275 556 2319 cuitas
590 2276 858 2320 sententiae
893 2276 1172 2329 adiuvetur,
1208 2276 1253 2319 ni
1289 2276 1455 2329 fallor,
1490 2275 1526 2319 si
1560 2290 1646 2330 pro
1683 2276 1886 2331 „immo”

400 2365 665 2409 scribamus
706 2366 923 2421 „animo”
959 2372 1005 2409 et
1041 2381 1124 2420 pro
1161 2365 1309 2421 „ego”
1335 2392 1388 2394 -j
1420 2364 1547 2419 quod
1575 2366 1737 2408 tamen
1770 2364 1887 2408 mihi

400 2471 496 2499 non
554 2454 876 2499 necessarium
949 2470 1049 2498 esse
1104 2454 1296 2498 videtur
1354 2481 1410 2483 ἡὴ
1461 2453 1644 2509 „ergo”.
1695 2453 1887 2497 Etenim

400 2544 608 2588 lectione
680 2544 926 2599 proposita
986 2544 1033 2586 in
1097 2545 1378 2587 contextum
1442 2544 1638 2597 recepta
1700 2542 1888 2586 tollitur

401 2633 687 2687 difficultas,
737 2648 878 2688 quam
928 2632 1127 2687 praebet
1177 2647 1270 2676 vox
1322 2631 1525 2687 „immo”
1570 2633 1617 2675 et
1649 2630 1888 2674 sententia

402 2721 542 2765 liuius
574 2722 667 2766 loci
704 2721 857 2777 magis
891 2724 943 2764 lit
976 2721 1242 2776 perspicua.
