1945 3381
1087 263 1144 304 40

367 415 463 456 tem
498 428 653 456 meam
684 415 921 458 concedas
940 418 1132 469 oportet
1152 417 1237 458 aut
1255 415 1672 470 contemptushoc
1690 416 1854 470 gladio

367 514 472 543 eam
506 500 766 545 abscidam.
802 501 850 545 Si
884 502 1033 557 igitur
1066 502 1180 546 mihi
1216 502 1420 546 liberum
1445 506 1567 547 esset
1587 503 1854 557 arbitrium,

365 603 460 632 non
499 588 771 633 dubitarem
805 589 918 645 quin
955 592 1062 644 post
1095 605 1318 644 „necesse
1352 590 1452 633 est''
1484 590 1741 634 insererem
1777 606 1854 634 vo-

366 676 540 720 cabula
588 677 731 732 „mihi
782 677 1061 721 concedas'l
1113 677 1188 721 Ita
1236 678 1426 721 demum
1467 694 1585 722 sana
1617 679 1856 723 sententia

365 764 541 820 oritur,
591 766 673 809 sed
723 768 775 809 ut
822 765 981 820 aiunt,
1030 766 1295 810 remedium
1343 766 1549 811 fortasse
1603 767 1736 822 peius
1784 770 1856 811 est

365 868 508 908 quam
558 854 765 898 morbus.
814 854 868 898 111
916 855 1008 898 hac
1051 870 1240 910 quoque
1268 870 1319 899 re
1354 855 1566 899 virorum
1600 855 1855 899 doctorum

365 945 594 997 exspecto
628 943 755 998 quod
788 943 850 987 sit
883 943 1128 987 iudicium.

423 1031 547 1075 Item
581 1031 842 1087 Encolpius
877 1032 936 1075 ad
972 1034 1215 1076 certamen
1249 1048 1298 1076 se
1331 1035 1472 1087 parat
1505 1035 1553 1076 ct
1588 1032 1683 1075 iam
1716 1031 1763 1075 in
1797 1045 1854 1076 eo

365 1122 458 1175 est,
507 1123 560 1164 ut
609 1120 751 1164 amici
802 1121 878 1164 vel
926 1120 1086 1175 potius
1128 1121 1309 1164 inimici
1358 1121 1416 1164 de
1468 1120 1566 1164 vita
1600 1120 1853 1175 dimicent,

365 1225 473 1254 cum
522 1209 669 1253 (111011
715 1212 963 1264 raptarum
1013 1208 1298 1253 Sabinarum
1346 1209 1599 1253 mulierum
1648 1209 1853 1265 exempli

363 1314 570 1353 memor,
604 1299 890 1342 infestorum
924 1298 1176 1342 certamini
1212 1298 1474 1342 intervenit
1493 1301 1539 1342 01
1558 1299 1853 1353 proclamat:

363 1389 522 1444 „quod
564 1388 601 1432 si
650 1387 816 1443 utique
860 1387 1077 1430 facinore
1115 1402 1234 1441 opus
1283 1390 1378 1441 est,
1412 1387 1541 1431 nudo
1577 1402 1689 1431 0000
1722 1387 1855 1443 ingu-

362 1478 485 1531 111111,
521 1477 792 1521 convertite
825 1477 920 1520 huc
953 1492 1146 1530 manus,
1181 1476 1440 1531 imprimite
1474 1491 1742 1520 mucrones.
1763 1492 1853 1532 ego

364 1566 483 1609 mori
521 1566 698 1620 debeo,
734 1566 811 1621 qui
848 1565 1092 1609 amicitiae
1127 1567 1485 1609 sacramentum
1514 1565 1715 1610 delevi''.
1746 1565 1855 1609 Hac
1894 1606 1896 1608 ,

365 1654 494 1698 vitae
544 1654 805 1698 devotione
845 1655 905 1697 ad
951 1654 1153 1698 meliora
1183 1656 1230 1698 et
1262 1654 1457 1698 saniora
1490 1654 1692 1699 consilia
1718 1669 1854 1699 revo-

363 1744 458 1787 cati
489 1744 584 1787 (1110
614 1743 879 1787 adversarii
913 1744 1093 1787 ferrum
1116 1743 1334 1787 inhibent
1364 1746 1411 1787 et
1430 1746 1631 1788 auctore
1648 1743 1853 1799 Ascylto

361 1832 448 1887 ipsi
524 1831 686 1875 Gitoni
761 1831 1071 1886 permittunt,
1146 1834 1200 1875 ut
1267 1831 1441 1887 eligat⁷
1510 1833 1670 1875 utrum
1733 1831 1854 1886 ipso-

361 1936 467 1963 rum
514 1922 756 1975 sequatur.
806 1920 1136 1975 Intellegitur,
1179 1919 1467 1974 Encolpium
1514 1922 1615 1963 tam
1649 1919 1855 1963 libenter

362 2009 485 2052 hanc
536 2008 870 2052 condicionem
919 2009 1162 2063 accipere,
1212 2009 1326 2063 quia
1373 2008 1575 2052 confidit
1617 2023 1667 2052 se
1710 2008 1854 2052 facile

362 2097 554 2141 aemulo
588 2097 917 2152 antepositum
944 2097 1015 2140 iri.
1041 2096 1135 2141 Sed
1165 2112 1222 2141 ea
1250 2112 1356 2152 spes
1375 2097 1601 2141 miserum
1620 2097 1854 2141 frustrata

362 2188 455 2229 est:
505 2185 814 2240 inspiciamus
857 2186 1001 2229 modo
1045 2186 1191 2240 ipsius
1227 2186 1397 2241 verba,
1433 2185 1603 2240 quibus
1636 2186 1853 2230 ordinem

362 2274 629 2317 affectuum
677 2274 745 2317 sic
793 2274 1013 2329 exponit7
1062 2272 1116 2317 111
1148 2289 1247 2317 rem
1279 2274 1430 2318 oculis
1465 2289 1660 2318 eernere
1694 2274 1853 2318 videa-

360 2378 467 2406 mur
500 2362 677 2418 „Ego”,
711 2362 889 2418 inquit,
921 2363 1027 2418 „qui
1050 2362 1428 2406 vetustissimam
1452 2362 1850 2406 consuetudinem

361 2450 592 2504 putabam
635 2449 682 2492 in
731 2450 977 2505 sanguinis
1026 2450 1199 2505 pignus
1246 2450 1498 2503 transisse,
1540 2450 1850 2504 111111111111111,

360 2538 507 2581 11111110
552 2538 886 2582 0011(11010110111
920 2538 1171 2593 praecipiti
1208 2538 1518 2582 festinatione
1553 2539 1690 2594 rapui
1725 2553 1851 2582 coni-

361 2626 560 2681 misique
608 2626 753 2670 iudici
788 2626 936 2671 litem.
981 2627 1058 2681 qui
1098 2641 1156 2670 ne
1204 2626 1492 2670 deliberavit
1541 2626 1747 2681 quidem,
1798 2628 1852 2669 ut

362 2714 607 2758 videretur
648 2717 928 2769 cunctatus,
975 2730 1139 2758 verum
1173 2715 1339 2758 statim
1371 2715 1431 2758 ab
1461 2717 1680 2758 extrema
1714 2716 1852 2768 parte
