1945 3381
805 260 830 299 5)

76 412 162 456 nisi
199 418 249 455 ut
284 426 392 455 cum
427 411 614 454 Wehlio
651 411 798 463 verba
831 410 910 453 illa
949 425 1058 464 „seu
1088 409 1275 453 comes”
1296 409 1539 452 deleamus

76 499 220 552 Quasi
278 499 462 554 tragice
511 502 710 542 ornatus
759 501 827 541 est
886 498 988 541 finis
1037 498 1177 541 huius
1222 497 1552 553 digressionis,

76 588 155 632 ubi
190 588 419 642 Ascyltus
455 587 745 631 elamoribus
779 586 968 631 Gritonis
1000 586 1073 629 his
1106 585 1265 629 verbis
1297 585 1554 640 respondet

77 676 141 732 „si
199 675 427 719 Lucretia
483 690 554 729 es,
614 675 928 730 Tarquinium
977 673 1245 717 invenisti.”
1294 673 1554 727 Encolpius

75 763 382 820 querimoniis
414 763 576 806 fratris
610 763 678 807 sui
714 765 983 817 permotus,
1012 761 1262 805 iracundia
1280 761 1554 805 effervescit

74 855 123 896 et
156 852 284 895 virus
317 851 595 895 acerbitatis
629 866 742 895 suae
778 851 823 894 in
858 850 1113 905 Ascyltum
1148 850 1367 893 effundit.
1388 849 1553 903 Neque

73 941 153 984 ille
200 944 332 984 tacet
375 944 423 984 et
464 940 590 983 inter
622 955 670 983 se
704 939 973 982 maledictis
1005 939 1222 982 lacerant
1272 938 1553 982 Cavendum

74 1032 234 1074 autem
286 1033 356 1073 est
402 1044 461 1072 110
506 1028 791 1082 maledieta,
827 1027 996 1082 quibus
1030 1030 1247 1080 utuntur,
1282 1041 1552 1081 urgeamus.

74 1119 251 1163 Nostro
315 1132 503 1172 quoque
566 1123 782 1171 tempore
843 1116 1058 1159 videmus
1116 1115 1333 1159 homines
1382 1114 1553 1167 iratos,

75 1206 354 1262 praesertim
402 1206 735 1249 adulescentes
768 1204 942 1260 linguis
976 1204 1188 1247 habenas
1221 1203 1554 1258 permittentes

75 1310 227 1350 neque
257 1297 503 1348 curantes,
533 1294 644 1348 quid
673 1293 854 1347 dicant,
885 1293 1145 1336 dummodo
1174 1292 1353 1347 aliquid
1377 1292 1554 1345 dicant,

74 1397 167 1438 quo
201 1382 588 1426 adversariorum
621 1382 805 1425 animos
839 1381 1090 1425 offendant
1124 1395 1277 1435 neque
1306 1382 1397 1434 est,
1428 1379 1553 1435 quod

73 1472 383 1527 suspieemur,
463 1471 609 1514 aliam
671 1471 883 1514 Petronii
947 1470 1243 1525 temporibus
1305 1469 1552 1513 hominum

75 1561 221 1604 fuisse
254 1563 480 1604 naturam
513 1563 658 1615 atque
691 1574 818 1603 nune
852 1562 936 1603 est.
972 1558 1291 1614 Quapropter,
1318 1558 1355 1602 si
1384 1558 1552 1601 Encol-

72 1648 178 1702 pius
213 1652 260 1691 et
292 1647 546 1702 Ascyltus,
580 1650 634 1691 111
665 1650 776 1691 sunt
808 1647 880 1691 ira
913 1653 961 1691 et
994 1647 1176 1691 invidia
1207 1647 1412 1701 incensi,
1446 1662 1554 1691 eon-

73 1737 301 1780 tumeliae
351 1752 498 1780 causa
545 1737 670 1780 inter
712 1752 760 1780 se
805 1737 980 1791 probra
1013 1737 1260 1792 ingerunt.
1294 1737 1555 1791 prudenter

73 1829 122 1869 01,
169 1828 311 1869 caute
359 1841 523 1869 eorum
572 1826 719 1869 verba
769 1829 878 1869 sunt
927 1826 1220 1880 accipienda.
1272 1825 1456 1869 Velutsi
1507 1826 1554 1868 in

72 1914 156 1957 illa
213 1915 470 1958 verborum
529 1915 880 1969 disceptatione
936 1942 990 1944 W—
1039 1930 1150 1958 nam
1196 1915 1359 1970 lingua
1411 1930 1551 1969 quam

73 2018 217 2046 manu
250 2003 565 2057 spectatiores
594 2018 697 2047 esse
726 2003 952 2047 videntur
979 2031 1002 2033 -
1025 2031 1033 2033 ν’
1064 2003 1292 2057 Aseyltus
1312 2003 1553 2047 exclamat

75 2090 345 2145 „gladiator
373 2090 606 2134 obscene*
636 2106 731 2135 non
759 2092 874 2135 lieet
900 2091 1010 2135 inde
1039 2091 1248 2145 efficere,
1267 2091 1552 2146 Encolpium

71 2193 239 2233 reapse
272 2179 609 2234 gladiatoriam
649 2185 802 2223 artem
837 2179 1120 2223 exercuisse.

132 2266 270 2319 Quod
334 2269 382 2311 et¹
443 2269 647 2311 naturae
704 2283 862 2311 rerum
928 2270 1165 2323 repugnat
1213 2273 1260 2311 et
1308 2268 1553 2322 aptissime

72 2354 314 2398 refutatur
341 2356 473 2410 loco,
505 2356 583 2411 qui
611 2356 790 2411 legitur
819 2356 863 2399 in
891 2355 1049 2410 capite
1069 2356 1330 2399 centesimo
1349 2356 1552 2411 septimo

74 2443 275 2487 decimo.
334 2444 519 2498 Verba,
569 2460 691 2500 quae
740 2445 876 2498 volo,
926 2451 1035 2487 sunt
1083 2444 1227 2487 haec:
1279 2448 1553 2499 „tamquam

73 2531 275 2587 legitimi
318 2533 613 2588 gladiatores
646 2533 840 2577 domino
875 2548 1078 2588 corpora
1113 2533 1392 2587 animosque
1427 2533 1555 2576 addi-

74 2619 268 2663 eimus.”
327 2620 435 2663 Huc
495 2621 706 2666 aceedit,
756 2622 880 2676 quod
934 2622 1223 2665 vocabulum
1273 2621 1557 2677 gladiatoris

74 2710 174 2751 tam
224 2709 436 2764 vulgaris
485 2712 532 2752 et
574 2709 688 2753 trita
735 2710 1029 2753 contumelia
1073 2713 1167 2763 est,
1212 2713 1264 2753 ut
1296 2710 1465 2754 inutile
1498 2710 1557 2754 sit
