1945 3381
765 273 817 314 31

51 424 175 469 enim
223 424 385 479 Priapi
432 426 655 469 sacerdos
704 440 752 468 se
800 425 895 468 iam
944 425 1052 469 inde
1100 441 1128 468 a
1170 427 1377 481 pueritia
1419 442 1527 470 cum

51 512 329 566 aequalibus
364 513 614 567 voluptate
649 528 781 556 usam
815 528 916 557 esse
950 514 1200 557 amatoria.
1236 513 1326 558 Sed
1359 515 1527 569 quibus

50 599 207 643 verbis
239 599 331 643 hoc
363 600 514 643 dicit‘?
550 599 596 643 Si
631 601 873 656 legeretur
907 616 1043 655 „cum
1076 601 1269 655 paribus
1302 602 1348 645 in
1382 602 1527 646 lectu-

49 686 146 729 lum
194 687 426 730 inclinata
473 688 606 731 sum''
662 689 737 731 vel
785 689 882 732 tale
926 689 1060 743 quid,
1105 704 1199 733 non
1244 694 1366 733 esset
1401 691 1524 745 quod

49 775 199 819 fusius
231 776 289 819 de
323 790 380 818 ea
412 790 461 819 re
494 776 870 831 disputaremus;
905 777 986 820 sed
1021 777 1097 820 ubi
1134 778 1233 832 ipsa
1270 793 1365 821 vox
1398 778 1527 821 incli-

49 863 194 907 nandi
236 878 342 907 eam
375 863 520 907 habet
556 864 685 907 vim‘?
719 864 953 919 Equidem
988 864 1156 920 ignoro
1190 880 1343 920 neque
1376 866 1525 909 ullum

48 951 208 995 locum
226 951 434 1006 reperire
452 952 601 1006 potui.
621 951 801 996 Verum
821 952 856 996 si
877 953 1104 997 eiciamus
1123 953 1527 1008 praepositionem

52 1038 215 1095 „cum”
265 1041 313 1082 et
359 1039 405 1082 in
453 1040 612 1083 locum
662 1040 762 1084 eius
810 1040 1156 1085 substituamus
1192 1041 1342 1097 „iam”
1377 1041 1529 1085 oritur

49 1127 314 1181 sententia,
365 1142 488 1182 quae
534 1127 687 1172 multo
736 1128 925 1172 facilius
974 1129 1185 1184 intellegi
1234 1132 1407 1183 potest.
1453 1130 1525 1172 lta

51 1228 144 1257 vox
195 1214 481 1269 „inclinata”
530 1215 576 1258 in
626 1216 829 1259 eundem
877 1231 1064 1260 sensum
1115 1217 1396 1271 accipienda
1439 1218 1527 1261 erit

50 1304 194 1357 atque
244 1303 536 1358 „propensa”
587 1306 635 1347 et
685 1304 933 1359 „paribus”
983 1305 1071 1348 erit
1115 1305 1322 1349 Dativus
1366 1321 1526 1359 casus,

54 1391 414 1447 coniungendus
448 1407 554 1435 cum
592 1407 732 1446 voce7
768 1408 889 1447 quae
923 1396 993 1436 est
1030 1393 1329 1447 „inclinata’'.

107 1477 367 1533 Encolpius
415 1479 530 1522 nihil
580 1480 750 1533 habet,
796 1481 923 1536 quod
965 1481 1076 1525 huic
1118 1483 1524 1537 argumentationi

49 1568 260 1620 opponat
295 1571 341 1609 et
374 1593 430 1596 —
463 1571 515 1610 ut
550 1569 841 1613 contendere
874 1570 1045 1613 durum
1076 1585 1183 1613 cum
1218 1570 1402 1614 victore
1433 1598 1479 1600 —
1501 1586 1524 1613 a

49 1653 316 1708 pertinacia
359 1655 546 1699 desistit
588 1658 635 1699 et
679 1657 925 1712 consurgit
959 1658 1016 1700 ad
1053 1658 1266 1701 officium
1298 1659 1526 1713 nuptiale.

49 1740 124 1784 Ab
167 1742 385 1786 omnibus
424 1743 639 1797 partibus
672 1745 892 1799 nuptiae,
928 1760 1050 1799 quae
1082 1745 1176 1788 iam
1211 1749 1526 1800 apparantur7

51 1844 187 1872 veras
234 1830 426 1885 nuptias
470 1831 732 1875 imitantur.
783 1831 875 1876 Sed
925 1833 1072 1887 ipsius
1120 1833 1331 1877 auctoris
1382 1834 1528 1877 verba

48 1918 320 1972 videamus,
369 1934 491 1973 quae
538 1920 766 1975 leguntur
816 1921 861 1963 in
909 1921 1045 1964 initio
1094 1921 1265 1975 capitis
1314 1921 1524 1964 vicesimi

48 2006 183 2050 sexti.
224 2006 346 2051 Sunt
379 2010 565 2051 autem:
603 2008 723 2063 ⁷‚iam
758 2009 944 2063 Psyche
978 2008 1165 2063 puellae
1201 2011 1346 2063 caput
1381 2009 1528 2052 invol-

49 2099 186 2137 verat
223 2094 471 2149 fiammeo,
506 2096 600 2138 iam
636 2095 984 2140 embasicoetas
1018 2097 1322 2151 praeferebat
1357 2097 1526 2150 facem,

48 2180 142 2224 iam
172 2182 332 2226 ebriae
362 2183 584 2227 mulieres
601 2184 798 2239 longum
818 2199 990 2240 agmen
1011 2185 1292 2239 plaudentes
1313 2185 1528 2229 fecerant

48 2269 409 2325 thalamumque
453 2271 638 2315 incesta
671 2275 1027 2315 exornaverant
1063 2274 1222 2316 veste'
1258 2288 1295 2316 e.
1331 2290 1371 2327 q.
1405 2288 1438 2316 s.
1473 2273 1527 2316 In

50 2356 218 2411 quibus
266 2358 424 2402 verbis
472 2359 654 2402 nullum
699 2360 889 2414 quidem
926 2360 1094 2403 vitium
1130 2360 1527 2415 deprehenditur,

49 2445 130 2489 sed
163 2449 325 2489 tamen
358 2447 549 2501 dubito,
584 2448 708 2491 sitne
740 2464 857 2492 sana
893 2463 1006 2503 vox7
1042 2463 1163 2503 quae
1183 2452 1253 2492 est
1276 2448 1529 2501 „incesta”

49 2532 260 2576 Primum
298 2548 393 2578 non
427 2535 542 2579 satis
575 2535 829 2591 intellego,
865 2536 974 2590 quid
1010 2536 1069 2579 sit
1101 2536 1311 2591 „incesta
1340 2535 1527 2579 vestis?

49 2619 385 2676 Unusquisque
419 2623 544 2666 enim
578 2624 691 2666 mihi
728 2624 961 2667 concedet
996 2623 1038 2666 in
1075 2623 1166 2667 illis
1196 2623 1529 2667 vocibusdesi-

50 2708 203 2751 der-ari
241 2710 489 2764 vulgatam
522 2711 767 2754 notionem
804 2711 933 2754 verbi
968 2712 1216 2765 „i11(²esti,''
1245 2712 1325 2754 sed
1344 2711 1528 2756 deinde.
