1945 3381
1076 236 1133 278 <24

355 396 497 434 noete
544 391 644 434 tam
694 389 965 444 periculoso
1015 387 1253 431 inhorruit
1302 387 1494 442 frigore.
1547 385 1638 429 Sed
1686 400 1842 429 nonne

355 480 446 522 1100
495 478 841 523 enuntiandum
877 476 1019 520 erat?
1055 476 1178 519 Nam
1208 475 1253 518 in
1283 475 1394 530 ipsis
1423 474 1581 518 verbis
1614 474 1735 517 hacc
1772 473 1843 517 vis

354 582 449 611 non
498 567 633 611 inest.
686 566 785 609 Aut
832 565 982 621 igitur
1025 565 1150 608 inter
1201 564 1404 619 „etiam’⁷
1455 566 1501 606 et
1556 562 1841 617 „impetum”

355 655 659 699 inserendum
694 656 765 698 est
799 652 1089 697 vocabulum
1133 652 1314 703 „nune”
1350 654 1433 694 aut
1466 664 1552 705 pro
1590 649 1842 705 „timeam”

356 744 706 788 restituendum
740 745 813 786 est
848 740 1138 797 „timemur”

414 832 640 875 Nondum
674 830 831 874 oratio
866 828 1133 882 Quartillae
1161 828 1303 870 finem
1338 826 1507 880 habet7
1542 840 1652 868 nam
1687 839 1845 879 super-

357 923 428 964 est.
480 922 534 963 ut
580 919 915 963 adulescentes
956 918 1179 969 moneat,
1226 918 1276 958 ut
1324 915 1444 958 iram
1489 915 1686 958 deorum
1721 912 1846 968 aptis

355 1008 558 1064 piaculis
605 1007 812 1062 placent.
863 1005 1059 1050 Somnio
1104 1004 1392 1048 medicinam
1436 1002 1576 1057 petiit
1610 1004 1658 1046 et
1692 1001 1848 1057 „iussa

356 1097 514 1151 sum‚”
573 1096 643 1139 ita
700 1096 883 1151 pergit,
935 1109 1048 1149 „vos
1099 1093 1372 1148 perquirere
1421 1094 1567 1147 atque
1613 1091 1846 1146 impetum

357 1185 509 1229 morbi
569 1187 840 1229 monstrata
897 1183 1167 1228 subtilitate
1215 1181 1408 1225 lenire.⁷'
1458 1179 1613 1233 Quam
1660 1179 1847 1223 subtilis

357 1273 647 1330 significatio
696 1273 773 1315 hic
823 1272 930 1315 voci
986 1269 1310 1320 „subtilitate”
1356 1269 1416 1312 sit
1458 1267 1738 1321 tribuenda,
1772 1282 1849 1311 me

358 1362 495 1417 fugit.
531 1362 783 1417 Paulisper
816 1361 863 1404 in
897 1359 1236 1416 perpendendo
1272 1359 1363 1401 1100
1397 1358 1506 1401 1000
1541 1355 1754 1412 cogitavi
1790 1355 1849 1400 de

345 1444 471 1495 ⁴raro
505 1451 587 1494 illo
622 1451 770 1495 verbo
807 1449 1066 1506 „subandi”
1101 1448 1226 1503 quod
1263 1462 1372 1490 cum
1402 1446 1528 1501 apud
1559 1445 1679 1489 alios
1706 1443 1849 1499 scrip-

357 1544 487 1584 tores
530 1542 632 1584 tum
683 1540 809 1594 apud
857 1538 1119 1582 Horatium
1167 1536 1413 1580 invenitur
1447 1561 1498 1565 —
1535 1535 1679 1579 credo
1723 1533 1847 1578 enim

358 1629 437 1672 hie
500 1628 858 1672 substantivum
916 1625 1202 1678 desiderari,
1253 1624 1379 1679 quod
1427 1623 1629 1668 eandem
1670 1623 1850 1667 habeat

361 1717 455 1760 vim
505 1720 651 1772 atque
702 1716 903 1759 verbum
953 1715 1069 1758 illud
1119 1716 1166 1757 et
1216 1713 1343 1768 apud
1386 1712 1595 1756 Plinium
1639 1711 1850 1755 occurrit

359 1806 716 1850 substantivum
751 1805 876 1860 quod
913 1806 985 1847 est
1021 1802 1282 1858 „subatio.'’
1313 1800 1532 1856 Scriptor
1559 1800 1640 1844 ille
1659 1800 1850 1855 quidem

360 1895 513 1938 utitur
555 1909 611 1939 eo
652 1894 800 1938 verbo
833 1894 893 1937 ad
927 1892 1295 1949 significandam
1327 1890 1623 1946 pruriginem
1660 1889 1850 1934 suillam

360 1985 442 2028 scd
491 1985 638 2028 etiam
687 1985 745 2027 de
787 1982 1062 2027 hominibus
1107 1981 1199 2025 dici
1236 1983 1408 2036 potest.
1443 1980 1669 2024 Fortasse
1704 1979 1852 2035 igitur

360 2073 407 2116 in
441 2088 561 2116 voce
596 2051 920 2128 „subtilitate”
950 2071 1073 2114 latet
1108 2069 1417 2126 „subatione”
1455 2068 1557 2112 sive
1590 2068 1720 2111 aliud
1751 2082 1852 2111 ver-

362 2161 472 2205 bum
502 2161 715 2204 eiusdem
734 2160 834 2204 fere
852 2158 1136 2212 sententiae,
1156 2157 1387 2201 nameius
1412 2156 1624 2200 notionis
1643 2155 1851 2199 vocabu-

361 2251 461 2294 lum
492 2250 585 2293 1100
617 2250 726 2293 loco
760 2248 961 2303 requiri,
992 2261 1273 2302 persuasum
1304 2245 1474 2289 habeo.
1505 2244 1553 2289 Si
1583 2244 1707 2287 enim
1726 2243 1852 2287 hanc

363 2339 690 2383 coniecturam
735 2338 783 2380 in
827 2338 1110 2380 contextum
1145 2335 1425 2390 recipimus7
1461 2333 1700 2386 Quartilla
1731 2333 1853 2377 haec

363 2427 502 2471 dicit:
555 2427 698 2482 „Ideo
746 2425 1035 2469 medicinam
1083 2423 1269 2468 somnio
1318 2423 1434 2478 petii
1485 2425 1532 2466 et
1575 2422 1692 2465 deus
1735 2421 1849 2464 mihi

364 2515 641 2569 imperavit,
687 2516 737 2557 ut
770 2528 857 2557 Vos
890 2513 1215 2568 perquirerem
1252 2514 1396 2566 atque
1430 2511 1664 2565 impetum
1698 2509 1849 2554 morbi

363 2603 560 2646 lenirem
577 2638 586 2656 ,
611 2617 720 2645 cum
738 2616 825 2645 vos
845 2601 1095 2645 edocerem
1112 2636 1120 2654 ,
1141 2603 1323 2655 quanta
1340 2598 1537 2653 prurigo
1556 2612 1663 2641 mea
1683 2598 1851 2641 esset.⁷’

423 2691 496 2735 De
541 2690 752 2734 remedio
800 2689 952 2733 morbi
1003 2703 1197 2742 secura,
1248 2686 1486 2740 Quartilla
1515 2685 1772 2740 Ascyltum
1806 2687 1855 2728 et-
