<?xml version="1.0" encoding="UTF-8"?>
<!DOCTYPE html PUBLIC "-//W3C//DTD XHTML 1.0 Transitional//EN"
    "http://www.w3.org/TR/xhtml1/DTD/xhtml1-transitional.dtd">
<html xmlns="http://www.w3.org/1999/xhtml" xml:lang="en" lang="en">
 <head>
  <title>
</title>
<meta http-equiv="Content-Type" content="text/html;charset=utf-8" />
  <meta name='ocr-system' content='tesseract 3.04.00' />
  <meta name='ocr-capabilities' content='ocr_page ocr_carea ocr_par ocr_line ocrx_word'/>
</head>
<body>
  <div class='ocr_page' id='page_1' title='image "animadversionesp00blomuoft_0018.png"; bbox 0 0 1945 3381; ppageno 0'>
   <div class='ocr_carea' id='block_1_1' title="bbox 1112 260 1137 301">
    <p class='ocr_par' dir='ltr' id='par_1_1' title="bbox 1112 260 1137 301">
     <span class='ocr_line' id='line_1_1' title="bbox 1112 260 1137 301; baseline 0 0"><span class='ocrx_word' id='word_1_1' title='bbox 1112 260 1137 301; x_wconf 74' lang='lat'>6</span> 
     </span>
    </p>
   </div>
   <div class='ocr_carea' id='block_1_2' title="bbox 378 409 1870 2412">
    <p class='ocr_par' dir='ltr' id='par_1_2' title="bbox 378 409 1865 909">
     <span class='ocr_line' id='line_1_2' title="bbox 381 409 1865 466; baseline -0.001 -13"><span class='ocrx_word' id='word_1_2' title='bbox 381 411 760 466; x_wconf 71' lang='lat' dir='ltr'>Agamemnonis</span> <span class='ocrx_word' id='word_1_3' title='bbox 809 411 935 465; x_wconf 83' lang='lat' dir='ltr'>quod</span> <span class='ocrx_word' id='word_1_4' title='bbox 984 424 1125 464; x_wconf 83' lang='lat' dir='ltr'>supra</span> <span class='ocrx_word' id='word_1_5' title='bbox 1171 410 1292 463; x_wconf 72' lang='lat' dir='ltr'>dixi,</span> <span class='ocrx_word' id='word_1_6' title='bbox 1339 424 1434 452; x_wconf 88' lang='lat' dir='ltr'>non</span> <span class='ocrx_word' id='word_1_7' title='bbox 1479 409 1708 463; x_wconf 56' lang='lat' dir='ltr'>intellcffl)</span> <span class='ocrx_word' id='word_1_8' title='bbox 1743 424 1865 464; x_wconf 82' lang='lat' dir='ltr'>quae</span> 
     </span>
     <span class='ocr_line' id='line_1_3' title="bbox 381 497 1865 552; baseline -0.002 -9"><span class='ocrx_word' id='word_1_9' title='bbox 381 514 527 543; x_wconf 87' lang='lat' dir='ltr'>causa</span> <span class='ocrx_word' id='word_1_10' title='bbox 569 499 738 552; x_wconf 84' lang='lat' dir='ltr'>fuerit,</span> <span class='ocrx_word' id='word_1_11' title='bbox 783 513 868 542; x_wconf 91' lang='lat' dir='ltr'>cur</span> <span class='ocrx_word' id='word_1_12' title='bbox 902 498 1228 541; x_wconf 81' lang='lat' dir='ltr'>Buechelerus</span> <span class='ocrx_word' id='word_1_13' title='bbox 1261 497 1520 541; x_wconf 83' lang='lat' dir='ltr'>lectionem</span> <span class='ocrx_word' id='word_1_14' title='bbox 1554 497 1786 541; x_wconf 85' lang='lat' dir='ltr'>traditam</span> <span class='ocrx_word' id='word_1_15' title='bbox 1816 497 1865 540; x_wconf 91' lang='lat' dir='ltr'>in</span> 
     </span>
     <span class='ocr_line' id='line_1_4' title="bbox 381 584 1865 642; baseline -0.001 -12"><span class='ocrx_word' id='word_1_16' title='bbox 381 603 521 632; x_wconf 77' lang='lat' dir='ltr'>versu</span> <span class='ocrx_word' id='word_1_17' title='bbox 580 587 785 642; x_wconf 87' lang='lat' dir='ltr'>septimo</span> <span class='ocrx_word' id='word_1_18' title='bbox 833 587 974 630; x_wconf 88' lang='lat' dir='ltr'>huius</span> <span class='ocrx_word' id='word_1_19' title='bbox 1023 586 1247 630; x_wconf 72' lang='lat' dir='ltr'>carminis</span> <span class='ocrx_word' id='word_1_20' title='bbox 1294 588 1519 629; x_wconf 88' lang='lat' dir='ltr'>mutaret.</span> <span class='ocrx_word' id='word_1_21' title='bbox 1569 585 1771 641; x_wconf 82' lang='lat' dir='ltr'>Legit-ur</span> <span class='ocrx_word' id='word_1_22' title='bbox 1817 584 1865 628; x_wconf 87' lang='lat' dir='ltr'>in</span> 
     </span>
     <span class='ocr_line' id='line_1_5' title="bbox 380 673 1864 729; baseline -0.002 -10"><span class='ocrx_word' id='word_1_23' title='bbox 380 675 625 719; x_wconf 75' lang='lat' dir='ltr'>codicibus</span> <span class='ocrx_word' id='word_1_24' title='bbox 661 674 859 729; x_wconf 75' lang='lat' dir='ltr'>„scena”</span> <span class='ocrx_word' id='word_1_25' title='bbox 895 675 1021 728; x_wconf 84' lang='lat' dir='ltr'>quod</span> <span class='ocrx_word' id='word_1_26' title='bbox 1056 674 1338 729; x_wconf 78' lang='lat' dir='ltr'>intellegere</span> <span class='ocrx_word' id='word_1_27' title='bbox 1370 673 1484 716; x_wconf 91' lang='lat' dir='ltr'>mihi</span> <span class='ocrx_word' id='word_1_28' title='bbox 1521 673 1701 728; x_wconf 74' lang='lat' dir='ltr'>videor,</span> <span class='ocrx_word' id='word_1_29' title='bbox 1737 673 1864 728; x_wconf 84' lang='lat' dir='ltr'>quod</span> 
     </span>
     <span class='ocr_line' id='line_1_6' title="bbox 378 761 1864 821; baseline -0.003 -13"><span class='ocrx_word' id='word_1_30' title='bbox 378 765 505 809; x_wconf 90' lang='lat' dir='ltr'>idem</span> <span class='ocrx_word' id='word_1_31' title='bbox 539 764 782 807; x_wconf 78' lang='lat' dir='ltr'>affirmare</span> <span class='ocrx_word' id='word_1_32' title='bbox 814 777 910 806; x_wconf 88' lang='lat' dir='ltr'>non</span> <span class='ocrx_word' id='word_1_33' title='bbox 944 777 1139 817; x_wconf 88' lang='lat' dir='ltr'>possum</span> <span class='ocrx_word' id='word_1_34' title='bbox 1157 763 1215 806; x_wconf 90' lang='lat' dir='ltr'>de</span> <span class='ocrx_word' id='word_1_35' title='bbox 1245 761 1497 817; x_wconf 82' lang='lat' dir='ltr'>„scenam”</span> <span class='ocrx_word' id='word_1_36' title='bbox 1517 761 1864 821; x_wconf 61' lang='lat' dir='ltr'>aBuechele&#39;ro</span> 
     </span>
     <span class='ocr_line' id='line_1_7' title="bbox 379 831 1801 909; baseline -0.004 -12"><span class='ocrx_word' id='word_1_37' title='bbox 379 852 641 909; x_wconf 84' lang='lat' dir='ltr'>proposito.</span> <span class='ocrx_word' id='word_1_38' title='bbox 1726 831 1735 833; x_wconf 26' lang='grc' dir='ltr'><strong>Α</strong></span> <span class='ocrx_word' id='word_1_39' title='bbox 1788 834 1801 843; x_wconf 23' lang='grc' dir='ltr'><strong>Ὗ</strong></span> 
     </span>
    </p>

    <p class='ocr_par' dir='ltr' id='par_1_3' title="bbox 378 938 1867 1517">
     <span class='ocr_line' id='line_1_8' title="bbox 438 938 1866 995; baseline -0.002 -11"><span class='ocrx_word' id='word_1_40' title='bbox 438 941 700 995; x_wconf 85' lang='lat' dir='ltr'>Encolpius</span> <span class='ocrx_word' id='word_1_41' title='bbox 731 943 896 983; x_wconf 85' lang='lat' dir='ltr'>noster</span> <span class='ocrx_word' id='word_1_42' title='bbox 928 939 1184 994; x_wconf 68' lang='lat' dir='ltr'>Ascyltum</span> <span class='ocrx_word' id='word_1_43' title='bbox 1218 939 1432 983; x_wconf 82' lang='lat' dir='ltr'>sodalem</span> <span class='ocrx_word' id='word_1_44' title='bbox 1462 953 1614 992; x_wconf 86' lang='lat' dir='ltr'>suum,</span> <span class='ocrx_word' id='word_1_45' title='bbox 1646 938 1725 993; x_wconf 84' lang='lat' dir='ltr'>qui</span> <span class='ocrx_word' id='word_1_46' title='bbox 1756 952 1866 981; x_wconf 91' lang='lat' dir='ltr'>cum</span> 
     </span>
     <span class='ocr_line' id='line_1_9' title="bbox 381 1027 1866 1084; baseline -0.003 -10"><span class='ocrx_word' id='word_1_47' title='bbox 381 1031 557 1076; x_wconf 81' lang='lat' dir='ltr'>Gitone</span> <span class='ocrx_word' id='word_1_48' title='bbox 590 1030 764 1083; x_wconf 79' lang='lat' dir='ltr'>fratre,</span> <span class='ocrx_word' id='word_1_49' title='bbox 800 1029 877 1084; x_wconf 85' lang='lat' dir='ltr'>qui</span> <span class='ocrx_word' id='word_1_50' title='bbox 913 1028 1113 1082; x_wconf 84' lang='lat' dir='ltr'>dicitur,</span> <span class='ocrx_word' id='word_1_51' title='bbox 1147 1027 1367 1082; x_wconf 88' lang='lat' dir='ltr'>Encolpii</span> <span class='ocrx_word' id='word_1_52' title='bbox 1402 1027 1683 1082; x_wconf 71' lang='lat' dir='ltr'>aufugerat,</span> <span class='ocrx_word' id='word_1_53' title='bbox 1712 1041 1866 1081; x_wconf 86' lang='lat' dir='ltr'>perse-</span> 
     </span>
     <span class='ocr_line' id='line_1_10' title="bbox 381 1115 1865 1174; baseline -0.003 -12"><span class='ocrx_word' id='word_1_54' title='bbox 381 1119 461 1174; x_wconf 81' lang='lat' dir='ltr'>qui</span> <span class='ocrx_word' id='word_1_55' title='bbox 494 1119 683 1173; x_wconf 87' lang='lat' dir='ltr'>incipit,</span> <span class='ocrx_word' id='word_1_56' title='bbox 719 1118 801 1162; x_wconf 88' lang='lat' dir='ltr'>sed</span> <span class='ocrx_word' id='word_1_57' title='bbox 834 1118 1053 1161; x_wconf 88' lang='lat' dir='ltr'>locorum</span> <span class='ocrx_word' id='word_1_58' title='bbox 1086 1116 1281 1172; x_wconf 81' lang='lat' dir='ltr'>ignarus</span> <span class='ocrx_word' id='word_1_59' title='bbox 1315 1118 1444 1159; x_wconf 87' lang='lat' dir='ltr'>errat</span> <span class='ocrx_word' id='word_1_60' title='bbox 1473 1115 1553 1158; x_wconf 72' lang='lat' dir='ltr'>via</span> <span class='ocrx_word' id='word_1_61' title='bbox 1581 1118 1628 1159; x_wconf 90' lang='lat' dir='ltr'>et</span> <span class='ocrx_word' id='word_1_62' title='bbox 1656 1115 1865 1169; x_wconf 87' lang='lat' dir='ltr'>tandem,</span> 
     </span>
     <span class='ocr_line' id='line_1_11' title="bbox 380 1204 1866 1261; baseline -0.004 -10"><span class='ocrx_word' id='word_1_63' title='bbox 380 1207 668 1251; x_wconf 65' lang='lat' dir='ltr'>necessitate</span> <span class='ocrx_word' id='word_1_64' title='bbox 717 1206 1015 1261; x_wconf 71' lang='lat' dir='ltr'>compulsus,</span> <span class='ocrx_word' id='word_1_65' title='bbox 1061 1204 1163 1248; x_wconf 89' lang='lat' dir='ltr'>adit</span> <span class='ocrx_word' id='word_1_66' title='bbox 1206 1204 1446 1247; x_wconf 80' lang='lat' dir='ltr'>aniculam</span> <span class='ocrx_word' id='word_1_67' title='bbox 1483 1204 1723 1258; x_wconf 86' lang='lat' dir='ltr'>quandam</span> <span class='ocrx_word' id='word_1_68' title='bbox 1758 1217 1866 1246; x_wconf 89' lang='lat' dir='ltr'>cum</span> 
     </span>
     <span class='ocr_line' id='line_1_12' title="bbox 380 1292 1867 1350; baseline -0.003 -11"><span class='ocrx_word' id='word_1_69' title='bbox 380 1296 559 1339; x_wconf 82' lang='lat' dir='ltr'>festiva</span> <span class='ocrx_word' id='word_1_70' title='bbox 614 1296 695 1339; x_wconf 86' lang='lat' dir='ltr'>illa</span> <span class='ocrx_word' id='word_1_71' title='bbox 754 1294 1159 1350; x_wconf 74' lang='lat' dir='ltr'>interrogatione,</span> <span class='ocrx_word' id='word_1_72' title='bbox 1211 1309 1353 1348; x_wconf 86' lang='lat' dir='ltr'>quam</span> <span class='ocrx_word' id='word_1_73' title='bbox 1403 1293 1480 1348; x_wconf 81' lang='lat' dir='ltr'>qui</span> <span class='ocrx_word' id='word_1_74' title='bbox 1529 1293 1670 1348; x_wconf 77' lang='lat' dir='ltr'>legit,</span> <span class='ocrx_word' id='word_1_75' title='bbox 1719 1292 1867 1336; x_wconf 89' lang='lat' dir='ltr'>risum</span> 
     </span>
     <span class='ocr_line' id='line_1_13' title="bbox 378 1380 1866 1438; baseline -0.003 -10"><span class='ocrx_word' id='word_1_76' title='bbox 378 1388 543 1428; x_wconf 88' lang='lat' dir='ltr'>tencre</span> <span class='ocrx_word' id='word_1_77' title='bbox 590 1399 685 1428; x_wconf 88' lang='lat' dir='ltr'>non</span> <span class='ocrx_word' id='word_1_78' title='bbox 733 1386 915 1438; x_wconf 85' lang='lat' dir='ltr'>potest:</span> <span class='ocrx_word' id='word_1_79' title='bbox 967 1385 1171 1438; x_wconf 84' lang='lat' dir='ltr'>„mater,</span> <span class='ocrx_word' id='word_1_80' title='bbox 1222 1381 1451 1437; x_wconf 85' lang='lat' dir='ltr'>numquid</span> <span class='ocrx_word' id='word_1_81' title='bbox 1503 1381 1594 1425; x_wconf 88' lang='lat' dir='ltr'>scis</span> <span class='ocrx_word' id='word_1_82' title='bbox 1643 1380 1725 1424; x_wconf 89' lang='lat' dir='ltr'>ubi</span> <span class='ocrx_word' id='word_1_83' title='bbox 1775 1394 1866 1435; x_wconf 83' lang='lat' dir='ltr'>ego</span> 
     </span>
     <span class='ocr_line' id='line_1_14' title="bbox 381 1473 628 1517; baseline 0 -1"><span class='ocrx_word' id='word_1_84' title='bbox 381 1473 595 1517; x_wconf 87' lang='lat' dir='ltr'>habitem</span> <span class='ocrx_word' id='word_1_85' title='bbox 607 1473 628 1516; x_wconf 79' lang='lat'>⁴?</span> 
     </span>
    </p>

    <p class='ocr_par' dir='ltr' id='par_1_4' title="bbox 382 1557 1870 2412">
     <span class='ocr_line' id='line_1_15' title="bbox 443 1557 1868 1612; baseline -0.004 -8"><span class='ocrx_word' id='word_1_86' title='bbox 443 1561 486 1604; x_wconf 77' lang='lat' dir='ltr'>A</span> <span class='ocrx_word' id='word_1_87' title='bbox 534 1561 733 1604; x_wconf 90' lang='lat' dir='ltr'>muliere</span> <span class='ocrx_word' id='word_1_88' title='bbox 781 1560 827 1603; x_wconf 90' lang='lat' dir='ltr'>in</span> <span class='ocrx_word' id='word_1_89' title='bbox 877 1560 1109 1604; x_wconf 77' lang='lat' dir='ltr'>fornicem</span> <span class='ocrx_word' id='word_1_90' title='bbox 1158 1558 1436 1612; x_wconf 87' lang='lat' dir='ltr'>deducitur,</span> <span class='ocrx_word' id='word_1_91' title='bbox 1489 1558 1569 1602; x_wconf 89' lang='lat' dir='ltr'>ubi</span> <span class='ocrx_word' id='word_1_92' title='bbox 1610 1557 1868 1612; x_wconf 64' lang='lat' dir='ltr'>Ascyltum</span> 
     </span>
     <span class='ocr_line' id='line_1_16' title="bbox 384 1646 1866 1705; baseline -0.003 -12"><span class='ocrx_word' id='word_1_93' title='bbox 384 1649 723 1705; x_wconf 87' lang='lat' dir='ltr'>deprehendit,</span> <span class='ocrx_word' id='word_1_94' title='bbox 788 1664 817 1691; x_wconf 84' lang='lat' dir='ltr'>a</span> <span class='ocrx_word' id='word_1_95' title='bbox 878 1651 1015 1703; x_wconf 86' lang='lat' dir='ltr'>patre</span> <span class='ocrx_word' id='word_1_96' title='bbox 1076 1647 1290 1690; x_wconf 81' lang='lat' dir='ltr'>familiae</span> <span class='ocrx_word' id='word_1_97' title='bbox 1350 1647 1520 1690; x_wconf 85' lang='lat' dir='ltr'>eodem</span> <span class='ocrx_word' id='word_1_98' title='bbox 1566 1646 1866 1701; x_wconf 87' lang='lat' dir='ltr'>perductum.</span> 
     </span>
     <span class='ocr_line' id='line_1_17' title="bbox 383 1732 1867 1793; baseline -0.003 -12"><span class='ocrx_word' id='word_1_99' title='bbox 383 1738 612 1793; x_wconf 66' lang='lat' dir='ltr'>Ascyltus</span> <span class='ocrx_word' id='word_1_100' title='bbox 660 1737 896 1792; x_wconf 82' lang='lat' dir='ltr'>Encolpio</span> <span class='ocrx_word' id='word_1_101' title='bbox 946 1751 1084 1780; x_wconf 86' lang='lat' dir='ltr'>casus</span> <span class='ocrx_word' id='word_1_102' title='bbox 1131 1750 1241 1780; x_wconf 89' lang='lat' dir='ltr'>suos</span> <span class='ocrx_word' id='word_1_103' title='bbox 1288 1737 1483 1779; x_wconf 80' lang='lat' dir='ltr'>enarrat</span> <span class='ocrx_word' id='word_1_104' title='bbox 1516 1737 1563 1778; x_wconf 89' lang='lat' dir='ltr'>et</span> <span class='ocrx_word' id='word_1_105' title='bbox 1597 1732 1867 1777; x_wconf 88' lang='lat' dir='ltr'>coniunctis</span> 
     </span>
     <span class='ocr_line' id='line_1_18' title="bbox 384 1823 1869 1879; baseline -0.002 -11"><span class='ocrx_word' id='word_1_106' title='bbox 384 1826 564 1870; x_wconf 70' lang='lat' dir='ltr'>viribus</span> <span class='ocrx_word' id='word_1_107' title='bbox 611 1826 810 1869; x_wconf 83' lang='lat' dir='ltr'>insidias</span> <span class='ocrx_word' id='word_1_108' title='bbox 859 1825 946 1869; x_wconf 83' lang='lat' dir='ltr'>sibi</span> <span class='ocrx_word' id='word_1_109' title='bbox 994 1827 1190 1879; x_wconf 87' lang='lat' dir='ltr'>paratas</span> <span class='ocrx_word' id='word_1_110' title='bbox 1225 1823 1480 1879; x_wconf 79' lang='lat' dir='ltr'>effugiunt.</span> <span class='ocrx_word' id='word_1_111' title='bbox 1515 1823 1639 1866; x_wconf 88' lang='lat' dir='ltr'>Tum</span> <span class='ocrx_word' id='word_1_112' title='bbox 1673 1823 1869 1866; x_wconf 90' lang='lat' dir='ltr'>domum</span> 
     </span>
     <span class='ocr_line' id='line_1_19' title="bbox 383 1913 1870 1969; baseline -0.003 -11"><span class='ocrx_word' id='word_1_113' title='bbox 383 1930 431 1959; x_wconf 88' lang='lat' dir='ltr'>se</span> <span class='ocrx_word' id='word_1_114' title='bbox 466 1914 728 1969; x_wconf 85' lang='lat' dir='ltr'>recipiunt,</span> <span class='ocrx_word' id='word_1_115' title='bbox 763 1914 890 1969; x_wconf 85' lang='lat' dir='ltr'>quod</span> <span class='ocrx_word' id='word_1_116' title='bbox 923 1913 1084 1956; x_wconf 90' lang='lat' dir='ltr'>animo</span> <span class='ocrx_word' id='word_1_117' title='bbox 1118 1913 1395 1968; x_wconf 74' lang='lat' dir='ltr'>tingendum</span> <span class='ocrx_word' id='word_1_118' title='bbox 1425 1916 1518 1966; x_wconf 89' lang='lat' dir='ltr'>est,</span> <span class='ocrx_word' id='word_1_119' title='bbox 1543 1926 1656 1954; x_wconf 88' lang='lat' dir='ltr'>nam</span> <span class='ocrx_word' id='word_1_120' title='bbox 1673 1913 1870 1966; x_wconf 87' lang='lat' dir='ltr'>propter</span> 
     </span>
     <span class='ocr_line' id='line_1_20' title="bbox 382 1999 1869 2057; baseline -0.002 -11"><span class='ocrx_word' id='word_1_121' title='bbox 382 2003 582 2046; x_wconf 87' lang='lat' dir='ltr'>lacunas</span> <span class='ocrx_word' id='word_1_122' title='bbox 616 2002 824 2057; x_wconf 83' lang='lat' dir='ltr'>aliquot,</span> <span class='ocrx_word' id='word_1_123' title='bbox 859 2016 955 2045; x_wconf 91' lang='lat' dir='ltr'>non</span> <span class='ocrx_word' id='word_1_124' title='bbox 984 2017 1099 2045; x_wconf 88' lang='lat' dir='ltr'>sane</span> <span class='ocrx_word' id='word_1_125' title='bbox 1128 2016 1343 2057; x_wconf 83' lang='lat' dir='ltr'>magnas,</span> <span class='ocrx_word' id='word_1_126' title='bbox 1368 2001 1583 2044; x_wconf 85' lang='lat' dir='ltr'>narratio</span> <span class='ocrx_word' id='word_1_127' title='bbox 1601 2015 1688 2044; x_wconf 90' lang='lat' dir='ltr'>nos</span> <span class='ocrx_word' id='word_1_128' title='bbox 1707 1999 1869 2044; x_wconf 86' lang='lat' dir='ltr'>deficit</span> 
     </span>
     <span class='ocr_line' id='line_1_21' title="bbox 384 2089 1867 2146; baseline -0.002 -11"><span class='ocrx_word' id='word_1_129' title='bbox 384 2095 430 2136; x_wconf 89' lang='lat' dir='ltr'>et</span> <span class='ocrx_word' id='word_1_130' title='bbox 479 2092 675 2135; x_wconf 89' lang='lat' dir='ltr'>ineunte</span> <span class='ocrx_word' id='word_1_131' title='bbox 725 2092 884 2146; x_wconf 87' lang='lat' dir='ltr'>capite</span> <span class='ocrx_word' id='word_1_132' title='bbox 932 2105 1061 2134; x_wconf 89' lang='lat' dir='ltr'>nono</span> <span class='ocrx_word' id='word_1_133' title='bbox 1111 2092 1208 2134; x_wconf 88' lang='lat' dir='ltr'>tres</span> <span class='ocrx_word' id='word_1_134' title='bbox 1258 2090 1415 2133; x_wconf 86' lang='lat' dir='ltr'>socios</span> <span class='ocrx_word' id='word_1_135' title='bbox 1463 2090 1591 2133; x_wconf 90' lang='lat' dir='ltr'>domi</span> <span class='ocrx_word' id='word_1_136' title='bbox 1636 2089 1867 2133; x_wconf 70' lang='lat' dir='ltr'>videmus.</span> 
     </span>
     <span class='ocr_line' id='line_1_22' title="bbox 385 2179 1868 2234; baseline -0.002 -10"><span class='ocrx_word' id='word_1_137' title='bbox 385 2180 566 2225; x_wconf 70' lang='lat' dir='ltr'>Gitona</span> <span class='ocrx_word' id='word_1_138' title='bbox 597 2181 723 2224; x_wconf 88' lang='lat' dir='ltr'>enim</span> <span class='ocrx_word' id='word_1_139' title='bbox 757 2180 804 2223; x_wconf 92' lang='lat' dir='ltr'>in</span> <span class='ocrx_word' id='word_1_140' title='bbox 834 2180 1076 2234; x_wconf 87' lang='lat' dir='ltr'>crepidine</span> <span class='ocrx_word' id='word_1_141' title='bbox 1094 2179 1295 2223; x_wconf 85' lang='lat' dir='ltr'>semitae</span> <span class='ocrx_word' id='word_1_142' title='bbox 1313 2182 1522 2223; x_wconf 87' lang='lat' dir='ltr'>stantem</span> <span class='ocrx_word' id='word_1_143' title='bbox 1540 2180 1868 2233; x_wconf 87' lang='lat' dir='ltr'>reppererunt.</span> 
     </span>
     <span class='ocr_line' id='line_1_23' title="bbox 406 2268 1868 2324; baseline -0.001 -12"><span class='ocrx_word' id='word_1_144' title='bbox 406 2272 414 2279; x_wconf 84' lang='lat'><strong><em>‘</em></strong></span> <span class='ocrx_word' id='word_1_145' title='bbox 443 2269 553 2312; x_wconf 85' lang='lat' dir='ltr'>Huc</span> <span class='ocrx_word' id='word_1_146' title='bbox 601 2284 750 2324; x_wconf 79' lang='lat' dir='ltr'>usque</span> <span class='ocrx_word' id='word_1_147' title='bbox 793 2269 1009 2312; x_wconf 87' lang='lat' dir='ltr'>narratio</span> <span class='ocrx_word' id='word_1_148' title='bbox 1054 2271 1184 2312; x_wconf 89' lang='lat' dir='ltr'>recte</span> <span class='ocrx_word' id='word_1_149' title='bbox 1218 2268 1460 2323; x_wconf 87' lang='lat' dir='ltr'>procedit,</span> <span class='ocrx_word' id='word_1_150' title='bbox 1494 2268 1575 2312; x_wconf 86' lang='lat' dir='ltr'>sed</span> <span class='ocrx_word' id='word_1_151' title='bbox 1609 2270 1868 2322; x_wconf 75' lang='lat' dir='ltr'>antequam</span> 
     </span>
     <span class='ocr_line' id='line_1_24' title="bbox 385 2355 1869 2412; baseline -0.001 -12"><span class='ocrx_word' id='word_1_152' title='bbox 385 2356 651 2412; x_wconf 73' lang='lat' dir='ltr'>pergimus,</span> <span class='ocrx_word' id='word_1_153' title='bbox 702 2357 935 2400; x_wconf 88' lang='lat' dir='ltr'>nonnulla</span> <span class='ocrx_word' id='word_1_154' title='bbox 982 2359 1094 2400; x_wconf 87' lang='lat' dir='ltr'>sunt-</span> <span class='ocrx_word' id='word_1_155' title='bbox 1141 2356 1376 2400; x_wconf 88' lang='lat' dir='ltr'>addenda.</span> <span class='ocrx_word' id='word_1_156' title='bbox 1426 2356 1480 2398; x_wconf 83' lang='lat' dir='ltr'>In</span> <span class='ocrx_word' id='word_1_157' title='bbox 1529 2355 1688 2409; x_wconf 89' lang='lat' dir='ltr'>capite</span> <span class='ocrx_word' id='word_1_158' title='bbox 1731 2357 1869 2399; x_wconf 75' lang='lat' dir='ltr'>sexto</span> 
     </span>
    </p>
   </div>
   <div class='ocr_carea' id='block_1_3' title="bbox 386 2443 1870 2500">
    <p class='ocr_par' dir='ltr' id='par_1_5' title="bbox 386 2443 1870 2500">
     <span class='ocr_line' id='line_1_25' title="bbox 386 2443 1870 2500; baseline -0.001 -13"><span class='ocrx_word' id='word_1_159' title='bbox 386 2445 499 2488; x_wconf 88' lang='lat' dir='ltr'>mihi</span> <span class='ocrx_word' id='word_1_160' title='bbox 550 2460 645 2489; x_wconf 92' lang='lat' dir='ltr'>non</span> <span class='ocrx_word' id='word_1_161' title='bbox 694 2445 888 2500; x_wconf 85' lang='lat' dir='ltr'>placent</span> <span class='ocrx_word' id='word_1_162' title='bbox 930 2445 1102 2489; x_wconf 71' lang='lat' dir='ltr'>verba:</span> <span class='ocrx_word' id='word_1_163' title='bbox 1149 2459 1264 2499; x_wconf 88' lang='lat' dir='ltr'>„nec</span> <span class='ocrx_word' id='word_1_164' title='bbox 1308 2444 1433 2499; x_wconf 82' lang='lat' dir='ltr'>quod</span> <span class='ocrx_word' id='word_1_165' title='bbox 1467 2443 1711 2487; x_wconf 80' lang='lat' dir='ltr'>stabulum</span> <span class='ocrx_word' id='word_1_166' title='bbox 1746 2446 1870 2487; x_wconf 83' lang='lat' dir='ltr'>esset</span> 
     </span>
    </p>
   </div>
   <div class='ocr_carea' id='block_1_4' title="bbox 386 2537 1871 2682">
    <p class='ocr_par' dir='ltr' id='par_1_6' title="bbox 386 2537 1871 2682">
     <span class='ocr_line' id='line_1_26' title="bbox 386 2537 1871 2592; baseline -0.001 -9"><span class='ocrx_word' id='word_1_167' title='bbox 386 2539 639 2585; x_wconf 48' lang='lat' dir='ltr'>sciebamst&#39;</span> <span class='ocrx_word' id='word_1_168' title='bbox 685 2539 808 2592; x_wconf 84' lang='lat' dir='ltr'>Quid</span> <span class='ocrx_word' id='word_1_169' title='bbox 849 2539 1008 2583; x_wconf 85' lang='lat' dir='ltr'>enim‘?</span> <span class='ocrx_word' id='word_1_170' title='bbox 1041 2539 1221 2583; x_wconf 82' lang='lat' dir='ltr'>Itinere</span> <span class='ocrx_word' id='word_1_171' title='bbox 1255 2538 1498 2582; x_wconf 72' lang='lat' dir='ltr'>deerravit</span> <span class='ocrx_word' id='word_1_172' title='bbox 1527 2537 1787 2592; x_wconf 87' lang='lat' dir='ltr'>Encolpius</span> <span class='ocrx_word' id='word_1_173' title='bbox 1823 2540 1871 2581; x_wconf 84' lang='lat' dir='ltr'>et</span> 
     </span>
     <span class='ocr_line' id='line_1_27' title="bbox 386 2626 1869 2682; baseline -0.001 -11"><span class='ocrx_word' id='word_1_174' title='bbox 386 2628 552 2682; x_wconf 88' lang='lat' dir='ltr'>nescit,</span> <span class='ocrx_word' id='word_1_175' title='bbox 599 2628 675 2671; x_wconf 88' lang='lat' dir='ltr'>ubi</span> <span class='ocrx_word' id='word_1_176' title='bbox 720 2628 1051 2672; x_wconf 78' lang='lat' dir='ltr'>deversorium</span> <span class='ocrx_word' id='word_1_177' title='bbox 1089 2643 1225 2671; x_wconf 80' lang='lat' dir='ltr'>suum</span> <span class='ocrx_word' id='word_1_178' title='bbox 1271 2627 1344 2671; x_wconf 88' lang='lat' dir='ltr'>sit.</span> <span class='ocrx_word' id='word_1_179' title='bbox 1393 2626 1546 2679; x_wconf 83' lang='lat' dir='ltr'>Quam</span> <span class='ocrx_word' id='word_1_180' title='bbox 1579 2626 1869 2670; x_wconf 85' lang='lat' dir='ltr'>sententiam</span> 
     </span>
    </p>
   </div>
   <div class='ocr_carea' id='block_1_5' title="bbox 388 2714 1871 2771">
    <p class='ocr_par' dir='ltr' id='par_1_7' title="bbox 388 2714 1871 2771">
     <span class='ocr_line' id='line_1_28' title="bbox 388 2714 1871 2771; baseline 0.001 -13"><span class='ocrx_word' id='word_1_181' title='bbox 388 2730 446 2758; x_wconf 80' lang='lat' dir='ltr'>ex</span> <span class='ocrx_word' id='word_1_182' title='bbox 476 2715 633 2759; x_wconf 73' lang='lat' dir='ltr'>verbis</span> <span class='ocrx_word' id='word_1_183' title='bbox 667 2715 829 2759; x_wconf 86' lang='lat' dir='ltr'>citatis</span> <span class='ocrx_word' id='word_1_184' title='bbox 859 2716 1032 2759; x_wconf 82' lang='lat' dir='ltr'>elicere</span> <span class='ocrx_word' id='word_1_185' title='bbox 1057 2731 1152 2759; x_wconf 90' lang='lat' dir='ltr'>non</span> <span class='ocrx_word' id='word_1_186' title='bbox 1170 2730 1377 2771; x_wconf 88' lang='lat' dir='ltr'>possum.</span> <span class='ocrx_word' id='word_1_187' title='bbox 1398 2715 1453 2758; x_wconf 87' lang='lat' dir='ltr'>ln</span> <span class='ocrx_word' id='word_1_188' title='bbox 1471 2714 1692 2769; x_wconf 74' lang='lat' dir='ltr'>proximo</span> <span class='ocrx_word' id='word_1_189' title='bbox 1713 2715 1871 2769; x_wconf 87' lang='lat' dir='ltr'>capite</span> 
     </span>
    </p>
   </div>
  </div>
 </body>
</html>
