<?xml version="1.0" encoding="UTF-8"?>
<!DOCTYPE html PUBLIC "-//W3C//DTD XHTML 1.0 Transitional//EN"
    "http://www.w3.org/TR/xhtml1/DTD/xhtml1-transitional.dtd">
<html xmlns="http://www.w3.org/1999/xhtml" xml:lang="en" lang="en">
 <head>
  <title>
</title>
<meta http-equiv="Content-Type" content="text/html;charset=utf-8" />
  <meta name='ocr-system' content='tesseract 3.04.00' />
  <meta name='ocr-capabilities' content='ocr_page ocr_carea ocr_par ocr_line ocrx_word'/>
</head>
<body>
  <div class='ocr_page' id='page_1' title='image "animadversionesp00blomuoft_0034.png"; bbox 0 0 1945 3381; ppageno 0'>
   <div class='ocr_carea' id='block_1_1' title="bbox 1047 267 1102 309">
    <p class='ocr_par' dir='ltr' id='par_1_1' title="bbox 1047 267 1102 309">
     <span class='ocr_line' id='line_1_1' title="bbox 1047 267 1102 309; baseline 0 0"><span class='ocrx_word' id='word_1_1' title='bbox 1047 267 1102 309; x_wconf 73' lang='lat'>&lt;22</span> 
     </span>
    </p>
   </div>
   <div class='ocr_carea' id='block_1_2' title="bbox 325 415 1819 2679">
    <p class='ocr_par' dir='ltr' id='par_1_2' title="bbox 325 415 1813 827">
     <span class='ocr_line' id='line_1_2' title="bbox 327 415 1810 474; baseline -0.003 -12"><span class='ocrx_word' id='word_1_2' title='bbox 327 435 420 474; x_wconf 86' lang='lat' dir='ltr'>quo</span> <span class='ocrx_word' id='word_1_3' title='bbox 454 434 682 474; x_wconf 80' lang='lat' dir='ltr'>magnum</span> <span class='ocrx_word' id='word_1_4' title='bbox 718 433 968 461; x_wconf 89' lang='lat' dir='ltr'>numerum</span> <span class='ocrx_word' id='word_1_5' title='bbox 1003 417 1259 461; x_wconf 70' lang='lat' dir='ltr'>verborum</span> <span class='ocrx_word' id='word_1_6' title='bbox 1294 420 1542 459; x_wconf 88' lang='lat' dir='ltr'>mutuatus</span> <span class='ocrx_word' id='word_1_7' title='bbox 1577 418 1670 470; x_wconf 74' lang='lat' dir='ltr'>est,</span> <span class='ocrx_word' id='word_1_8' title='bbox 1699 415 1810 459; x_wconf 73' lang='lat' dir='ltr'>Ver-</span> 
     </span>
     <span class='ocr_line' id='line_1_3' title="bbox 326 504 1810 563; baseline -0.003 -12"><span class='ocrx_word' id='word_1_9' title='bbox 326 508 494 563; x_wconf 80' lang='lat' dir='ltr'>gilium</span> <span class='ocrx_word' id='word_1_10' title='bbox 538 507 677 561; x_wconf 62' lang='lat' dir='ltr'>volo,</span> <span class='ocrx_word' id='word_1_11' title='bbox 712 521 807 550; x_wconf 88' lang='lat' dir='ltr'>uno</span> <span class='ocrx_word' id='word_1_12' title='bbox 848 509 897 550; x_wconf 91' lang='lat' dir='ltr'>et</span> <span class='ocrx_word' id='word_1_13' title='bbox 930 507 1083 550; x_wconf 88' lang='lat' dir='ltr'>altero</span> <span class='ocrx_word' id='word_1_14' title='bbox 1119 506 1227 549; x_wconf 92' lang='grc'>1000</span> <span class='ocrx_word' id='word_1_15' title='bbox 1262 506 1354 549; x_wconf 82' lang='grc'>1100</span> <span class='ocrx_word' id='word_1_16' title='bbox 1388 504 1586 548; x_wconf 77' lang='lat' dir='ltr'>verbum</span> <span class='ocrx_word' id='word_1_17' title='bbox 1618 504 1810 559; x_wconf 80' lang='lat' dir='ltr'>legitur.</span> 
     </span>
     <span class='ocr_line' id='line_1_4' title="bbox 325 591 1811 649; baseline -0.003 -10"><span class='ocrx_word' id='word_1_18' title='bbox 325 596 413 640; x_wconf 88' lang='lat' dir='ltr'>His</span> <span class='ocrx_word' id='word_1_19' title='bbox 460 595 728 639; x_wconf 84' lang='lat' dir='ltr'>rationibus</span> <span class='ocrx_word' id='word_1_20' title='bbox 775 595 1013 639; x_wconf 88' lang='lat' dir='ltr'>adductus</span> <span class='ocrx_word' id='word_1_21' title='bbox 1063 594 1282 649; x_wconf 83' lang='lat' dir='ltr'>equidem</span> <span class='ocrx_word' id='word_1_22' title='bbox 1330 608 1425 637; x_wconf 92' lang='lat' dir='ltr'>non</span> <span class='ocrx_word' id='word_1_23' title='bbox 1472 607 1641 636; x_wconf 87' lang='lat' dir='ltr'>vereor</span> <span class='ocrx_word' id='word_1_24' title='bbox 1684 591 1811 635; x_wconf 81' lang='lat' dir='ltr'>viros</span> 
     </span>
     <span class='ocr_line' id='line_1_5' title="bbox 326 680 1813 739; baseline -0.003 -11"><span class='ocrx_word' id='word_1_25' title='bbox 326 685 495 728; x_wconf 91' lang='lat' dir='ltr'>doctos</span> <span class='ocrx_word' id='word_1_26' title='bbox 550 699 721 739; x_wconf 75' lang='lat' dir='ltr'>rogare</span> <span class='ocrx_word' id='word_1_27' title='bbox 771 686 823 727; x_wconf 92' lang='lat' dir='ltr'>ut</span> <span class='ocrx_word' id='word_1_28' title='bbox 871 698 1031 727; x_wconf 89' lang='lat' dir='ltr'>secum</span> <span class='ocrx_word' id='word_1_29' title='bbox 1082 683 1371 737; x_wconf 72' lang='lat' dir='ltr'>deliberent7</span> <span class='ocrx_word' id='word_1_30' title='bbox 1423 685 1581 726; x_wconf 90' lang='lat' dir='ltr'>utrum</span> <span class='ocrx_word' id='word_1_31' title='bbox 1630 680 1813 724; x_wconf 86' lang='lat' dir='ltr'>tradita</span> 
     </span>
     <span class='ocr_line' id='line_1_6' title="bbox 325 770 1419 827; baseline -0.002 -12"><span class='ocrx_word' id='word_1_32' title='bbox 325 772 471 816; x_wconf 89' lang='lat' dir='ltr'>lectio</span> <span class='ocrx_word' id='word_1_33' title='bbox 505 773 567 816; x_wconf 87' lang='lat' dir='ltr'>sit</span> <span class='ocrx_word' id='word_1_34' title='bbox 598 772 759 827; x_wconf 87' lang='lat' dir='ltr'>potior</span> <span class='ocrx_word' id='word_1_35' title='bbox 791 787 851 815; x_wconf 92' lang='lat' dir='ltr'>an</span> <span class='ocrx_word' id='word_1_36' title='bbox 887 787 967 825; x_wconf 83' lang='lat' dir='ltr'>ea,</span> <span class='ocrx_word' id='word_1_37' title='bbox 1002 787 1144 827; x_wconf 82' lang='lat' dir='ltr'>quam</span> <span class='ocrx_word' id='word_1_38' title='bbox 1179 770 1419 826; x_wconf 81' lang='lat' dir='ltr'>proposui.</span> 
     </span>
    </p>

    <p class='ocr_par' dir='ltr' id='par_1_3' title="bbox 326 858 1817 2335">
     <span class='ocr_line' id='line_1_7' title="bbox 385 858 1812 916; baseline -0.002 -12"><span class='ocrx_word' id='word_1_39' title='bbox 385 861 596 905; x_wconf 84' lang='lat' dir='ltr'>Tresviri</span> <span class='ocrx_word' id='word_1_40' title='bbox 629 860 781 904; x_wconf 87' lang='lat' dir='ltr'>nostri</span> <span class='ocrx_word' id='word_1_41' title='bbox 815 860 915 904; x_wconf 90' lang='lat' dir='ltr'>aeri</span> <span class='ocrx_word' id='word_1_42' title='bbox 948 862 1151 916; x_wconf 78' lang='lat' dir='ltr'>argento</span> <span class='ocrx_word' id='word_1_43' title='bbox 1194 874 1312 903; x_wconf 87' lang='lat' dir='ltr'>auro</span> <span class='ocrx_word' id='word_1_44' title='bbox 1342 859 1547 903; x_wconf 84' lang='lat' dir='ltr'>furando</span> <span class='ocrx_word' id='word_1_45' title='bbox 1575 858 1812 913; x_wconf 88' lang='lat' dir='ltr'>rapiundo</span> 
     </span>
     <span class='ocr_line' id='line_1_8' title="bbox 326 947 1812 1002; baseline -0.002 -9"><span class='ocrx_word' id='word_1_46' title='bbox 326 949 462 993; x_wconf 87' lang='lat' dir='ltr'>taciti</span> <span class='ocrx_word' id='word_1_47' title='bbox 493 952 719 993; x_wconf 76' lang='lat' dir='ltr'>eventum</span> <span class='ocrx_word' id='word_1_48' title='bbox 746 949 887 993; x_wconf 88' lang='lat' dir='ltr'>huius</span> <span class='ocrx_word' id='word_1_49' title='bbox 915 948 1139 992; x_wconf 88' lang='lat' dir='ltr'>insolitae</span> <span class='ocrx_word' id='word_1_50' title='bbox 1157 947 1463 992; x_wconf 73' lang='lat' dir='ltr'>salutationis</span> <span class='ocrx_word' id='word_1_51' title='bbox 1484 947 1812 1002; x_wconf 88' lang='lat' dir='ltr'>opperiuntur.</span> 
     </span>
     <span class='ocr_line' id='line_1_9' title="bbox 327 1036 1813 1093; baseline -0.002 -11"><span class='ocrx_word' id='word_1_52' title='bbox 327 1038 566 1091; x_wconf 73' lang='lat' dir='ltr'>Quartilla</span> <span class='ocrx_word' id='word_1_53' title='bbox 612 1038 822 1082; x_wconf 80' lang='lat' dir='ltr'>lacrimis</span> <span class='ocrx_word' id='word_1_54' title='bbox 870 1038 965 1081; x_wconf 89' lang='lat' dir='ltr'>suis</span> <span class='ocrx_word' id='word_1_55' title='bbox 1013 1038 1244 1093; x_wconf 79' lang='lat' dir='ltr'>indulget.</span> <span class='ocrx_word' id='word_1_56' title='bbox 1288 1037 1474 1081; x_wconf 89' lang='lat' dir='ltr'>Deinde</span> <span class='ocrx_word' id='word_1_57' title='bbox 1518 1036 1732 1080; x_wconf 88' lang='lat' dir='ltr'>narratio</span> <span class='ocrx_word' id='word_1_58' title='bbox 1766 1036 1813 1079; x_wconf 87' lang='lat' dir='ltr'>in</span> 
     </span>
     <span class='ocr_line' id='line_1_10' title="bbox 327 1124 1813 1181; baseline -0.002 -11"><span class='ocrx_word' id='word_1_59' title='bbox 327 1128 455 1170; x_wconf 90' lang='lat' dir='ltr'>hunc</span> <span class='ocrx_word' id='word_1_60' title='bbox 502 1127 699 1170; x_wconf 92' lang='lat' dir='ltr'>modum</span> <span class='ocrx_word' id='word_1_61' title='bbox 747 1126 1055 1181; x_wconf 71' lang='lat' dir='ltr'>progreditur</span> <span class='ocrx_word' id='word_1_62' title='bbox 1105 1140 1189 1181; x_wconf 70' lang='lat' dir='ltr'>„ac</span> <span class='ocrx_word' id='word_1_63' title='bbox 1233 1140 1291 1169; x_wconf 90' lang='lat' dir='ltr'>ne</span> <span class='ocrx_word' id='word_1_64' title='bbox 1333 1127 1449 1169; x_wconf 89' lang='lat' dir='ltr'>tunc</span> <span class='ocrx_word' id='word_1_65' title='bbox 1492 1124 1684 1180; x_wconf 81' lang='lat' dir='ltr'>quidem</span> <span class='ocrx_word' id='word_1_66' title='bbox 1717 1138 1813 1168; x_wconf 91' lang='lat' dir='ltr'>non</span> 
     </span>
     <span class='ocr_line' id='line_1_11' title="bbox 328 1213 1814 1268; baseline -0.001 -10"><span class='ocrx_word' id='word_1_67' title='bbox 328 1215 475 1258; x_wconf 87' lang='lat' dir='ltr'>ullum</span> <span class='ocrx_word' id='word_1_68' title='bbox 526 1214 789 1259; x_wconf 86' lang='lat' dir='ltr'>adiecimus</span> <span class='ocrx_word' id='word_1_69' title='bbox 825 1215 1046 1267; x_wconf 70' lang='lat' dir='ltr'>verbum,</span> <span class='ocrx_word' id='word_1_70' title='bbox 1081 1214 1162 1258; x_wconf 88' lang='lat' dir='ltr'>sed</span> <span class='ocrx_word' id='word_1_71' title='bbox 1197 1214 1392 1257; x_wconf 90' lang='lat' dir='ltr'>attoniti</span> <span class='ocrx_word' id='word_1_72' title='bbox 1427 1213 1814 1268; x_wconf 69' lang='lat' dir='ltr'>exspectavimus</span> 
     </span>
     <span class='ocr_line' id='line_1_12' title="bbox 327 1301 1815 1357; baseline 0 -10"><span class='ocrx_word' id='word_1_73' title='bbox 327 1304 552 1347; x_wconf 77' lang='lat' dir='ltr'>lacrimas</span> <span class='ocrx_word' id='word_1_74' title='bbox 610 1303 670 1347; x_wconf 88' lang='lat' dir='ltr'>ad</span> <span class='ocrx_word' id='word_1_75' title='bbox 729 1303 1104 1347; x_wconf 66' lang='lat' dir='ltr'>ostentationem</span> <span class='ocrx_word' id='word_1_76' title='bbox 1165 1302 1344 1346; x_wconf 89' lang='lat' dir='ltr'>doloris</span> <span class='ocrx_word' id='word_1_77' title='bbox 1392 1302 1631 1357; x_wconf 80' lang='lat' dir='ltr'>pa1·atas”.</span> <span class='ocrx_word' id='word_1_78' title='bbox 1681 1301 1815 1354; x_wconf 80' lang='lat' dir='ltr'>Quae</span> 
     </span>
     <span class='ocr_line' id='line_1_13' title="bbox 329 1391 1815 1446; baseline -0.001 -10"><span class='ocrx_word' id='word_1_79' title='bbox 329 1392 592 1446; x_wconf 75' lang='lat' dir='ltr'>sententia,</span> <span class='ocrx_word' id='word_1_80' title='bbox 642 1392 730 1435; x_wconf 90' lang='lat' dir='ltr'>nisi</span> <span class='ocrx_word' id='word_1_81' title='bbox 779 1391 941 1435; x_wconf 89' lang='lat' dir='ltr'>onmia</span> <span class='ocrx_word' id='word_1_82' title='bbox 984 1407 1059 1435; x_wconf 90' lang='lat' dir='ltr'>me</span> <span class='ocrx_word' id='word_1_83' title='bbox 1101 1391 1299 1446; x_wconf 73' lang='lat' dir='ltr'>fallunt,</span> <span class='ocrx_word' id='word_1_84' title='bbox 1333 1405 1427 1435; x_wconf 93' lang='lat' dir='ltr'>non</span> <span class='ocrx_word' id='word_1_85' title='bbox 1462 1391 1674 1435; x_wconf 86' lang='lat' dir='ltr'>concinit</span> <span class='ocrx_word' id='word_1_86' title='bbox 1706 1405 1815 1434; x_wconf 89' lang='lat' dir='ltr'>cum</span> 
     </span>
     <span class='ocr_line' id='line_1_14' title="bbox 331 1478 1816 1536; baseline -0.001 -12"><span class='ocrx_word' id='word_1_87' title='bbox 331 1481 420 1536; x_wconf 76' lang='lat' dir='ltr'>eis7</span> <span class='ocrx_word' id='word_1_88' title='bbox 455 1495 577 1536; x_wconf 85' lang='lat' dir='ltr'>quac</span> <span class='ocrx_word' id='word_1_89' title='bbox 611 1480 918 1524; x_wconf 89' lang='lat' dir='ltr'>antecedunt.</span> <span class='ocrx_word' id='word_1_90' title='bbox 953 1479 1186 1532; x_wconf 78' lang='lat' dir='ltr'>Quartilla</span> <span class='ocrx_word' id='word_1_91' title='bbox 1224 1480 1271 1523; x_wconf 90' lang='lat' dir='ltr'>in</span> <span class='ocrx_word' id='word_1_92' title='bbox 1297 1479 1522 1523; x_wconf 86' lang='lat' dir='ltr'>lacrimas</span> <span class='ocrx_word' id='word_1_93' title='bbox 1550 1478 1816 1523; x_wconf 83' lang='lat' dir='ltr'>effunditur</span> 
     </span>
     <span class='ocr_line' id='line_1_15' title="bbox 329 1569 1816 1624; baseline -0.001 -10"><span class='ocrx_word' id='word_1_94' title='bbox 329 1573 376 1614; x_wconf 85' lang='lat' dir='ltr'>ct</span> <span class='ocrx_word' id='word_1_95' title='bbox 424 1570 560 1614; x_wconf 90' lang='lat' dir='ltr'>taciti</span> <span class='ocrx_word' id='word_1_96' title='bbox 611 1570 778 1613; x_wconf 83' lang='lat' dir='ltr'>arbitri</span> <span class='ocrx_word' id='word_1_97' title='bbox 827 1572 1110 1624; x_wconf 76' lang='lat' dir='ltr'>exspectant</span> <span class='ocrx_word' id='word_1_98' title='bbox 1153 1569 1390 1613; x_wconf 87' lang='lat' dir='ltr'>lacrimas.</span> <span class='ocrx_word' id='word_1_99' title='bbox 1434 1569 1571 1613; x_wconf 90' lang='lat' dir='ltr'>Haec</span> <span class='ocrx_word' id='word_1_100' title='bbox 1608 1569 1735 1613; x_wconf 85' lang='lat' dir='ltr'>inter</span> <span class='ocrx_word' id='word_1_101' title='bbox 1766 1584 1816 1613; x_wconf 88' lang='lat' dir='ltr'>se</span> 
     </span>
     <span class='ocr_line' id='line_1_16' title="bbox 330 1658 1816 1714; baseline -0.001 -11"><span class='ocrx_word' id='word_1_102' title='bbox 330 1659 589 1703; x_wconf 88' lang='lat' dir='ltr'>conciliare</span> <span class='ocrx_word' id='word_1_103' title='bbox 623 1673 821 1714; x_wconf 83' lang='lat' dir='ltr'>nequeo.</span> <span class='ocrx_word' id='word_1_104' title='bbox 859 1658 906 1703; x_wconf 78' lang='lat' dir='ltr'>Si</span> <span class='ocrx_word' id='word_1_105' title='bbox 940 1658 1033 1702; x_wconf 89' lang='grc'>1100</span> <span class='ocrx_word' id='word_1_106' title='bbox 1066 1658 1174 1702; x_wconf 83' lang='grc'>1000</span> <span class='ocrx_word' id='word_1_107' title='bbox 1208 1658 1437 1713; x_wconf 87' lang='lat' dir='ltr'>scriptum</span> <span class='ocrx_word' id='word_1_108' title='bbox 1468 1660 1591 1702; x_wconf 89' lang='lat' dir='ltr'>esset</span> <span class='ocrx_word' id='word_1_109' title='bbox 1622 1673 1816 1714; x_wconf 78' lang='lat' dir='ltr'>„expec-</span> 
     </span>
     <span class='ocr_line' id='line_1_17' title="bbox 328 1747 1817 1792; baseline -0.001 0"><span class='ocrx_word' id='word_1_110' title='bbox 328 1749 539 1792; x_wconf 85' lang='lat' dir='ltr'>tavimus</span> <span class='ocrx_word' id='word_1_111' title='bbox 585 1747 894 1791; x_wconf 87' lang='lat' dir='ltr'>lacrimarum</span> <span class='ocrx_word' id='word_1_112' title='bbox 941 1748 1081 1791; x_wconf 80' lang='lat' dir='ltr'>tinen]</span> <span class='ocrx_word' id='word_1_113' title='bbox 1125 1748 1185 1791; x_wconf 91' lang='lat' dir='ltr'>ad</span> <span class='ocrx_word' id='word_1_114' title='bbox 1229 1747 1605 1791; x_wconf 84' lang='lat' dir='ltr'>ostentationem</span> <span class='ocrx_word' id='word_1_115' title='bbox 1638 1747 1817 1791; x_wconf 87' lang='lat' dir='ltr'>doloris</span> 
     </span>
     <span class='ocr_line' id='line_1_18' title="bbox 330 1836 1816 1892; baseline 0 -11"><span class='ocrx_word' id='word_1_116' title='bbox 330 1836 665 1892; x_wconf 70' lang='lat' dir='ltr'>parataruin,”</span> <span class='ocrx_word' id='word_1_117' title='bbox 711 1837 873 1881; x_wconf 88' lang='lat' dir='ltr'>onmia</span> <span class='ocrx_word' id='word_1_118' title='bbox 914 1839 1046 1880; x_wconf 89' lang='lat' dir='ltr'>recte</span> <span class='ocrx_word' id='word_1_119' title='bbox 1090 1836 1418 1891; x_wconf 84' lang='lat' dir='ltr'>procederent.</span> <span class='ocrx_word' id='word_1_120' title='bbox 1454 1836 1621 1891; x_wconf 85' lang='lat' dir='ltr'>Neque</span> <span class='ocrx_word' id='word_1_121' title='bbox 1653 1838 1816 1881; x_wconf 90' lang='lat' dir='ltr'>tamen</span> 
     </span>
     <span class='ocr_line' id='line_1_19' title="bbox 331 1924 1816 1980; baseline 0 -12"><span class='ocrx_word' id='word_1_122' title='bbox 331 1925 391 1968; x_wconf 86' lang='lat' dir='ltr'>ad</span> <span class='ocrx_word' id='word_1_123' title='bbox 449 1927 638 1968; x_wconf 84' lang='lat' dir='ltr'>tantam</span> <span class='ocrx_word' id='word_1_124' title='bbox 699 1925 796 1968; x_wconf 73' lang='lat' dir='ltr'>vim</span> <span class='ocrx_word' id='word_1_125' title='bbox 856 1925 1134 1980; x_wconf 78' lang='lat' dir='ltr'>confugiam</span> <span class='ocrx_word' id='word_1_126' title='bbox 1181 1927 1439 1979; x_wconf 88' lang='lat' dir='ltr'>propterea</span> <span class='ocrx_word' id='word_1_127' title='bbox 1487 1925 1614 1980; x_wconf 86' lang='lat' dir='ltr'>quod</span> <span class='ocrx_word' id='word_1_128' title='bbox 1663 1924 1816 1968; x_wconf 93' lang='lat' dir='ltr'>multo</span> 
     </span>
     <span class='ocr_line' id='line_1_20' title="bbox 331 2012 1815 2068; baseline 0 -12"><span class='ocrx_word' id='word_1_129' title='bbox 331 2014 484 2057; x_wconf 88' lang='lat' dir='ltr'>lenius</span> <span class='ocrx_word' id='word_1_130' title='bbox 530 2016 689 2057; x_wconf 68' lang='lat' dir='ltr'>exstat</span> <span class='ocrx_word' id='word_1_131' title='bbox 732 2013 1021 2067; x_wconf 76' lang='lat' dir='ltr'>remedium,</span> <span class='ocrx_word' id='word_1_132' title='bbox 1057 2028 1150 2068; x_wconf 86' lang='lat' dir='ltr'>quo</span> <span class='ocrx_word' id='word_1_133' title='bbox 1184 2013 1262 2056; x_wconf 85' lang='grc'>1110</span> <span class='ocrx_word' id='word_1_134' title='bbox 1293 2013 1428 2056; x_wconf 81' lang='lat' dir='ltr'>locus</span> <span class='ocrx_word' id='word_1_135' title='bbox 1461 2013 1621 2057; x_wconf 88' lang='lat' dir='ltr'>sanari</span> <span class='ocrx_word' id='word_1_136' title='bbox 1652 2012 1815 2068; x_wconf 86' lang='lat' dir='ltr'>possit.</span> 
     </span>
     <span class='ocr_line' id='line_1_21' title="bbox 331 2102 1816 2157; baseline 0 -11"><span class='ocrx_word' id='word_1_137' title='bbox 331 2102 691 2147; x_wconf 85' lang='lat' dir='ltr'>Tantummodo</span> <span class='ocrx_word' id='word_1_138' title='bbox 751 2118 859 2146; x_wconf 92' lang='lat' dir='ltr'>cum</span> <span class='ocrx_word' id='word_1_139' title='bbox 924 2102 1164 2146; x_wconf 81' lang='lat' dir='ltr'>Sambuco</span> <span class='ocrx_word' id='word_1_140' title='bbox 1228 2116 1313 2157; x_wconf 90' lang='lat' dir='ltr'>pro</span> <span class='ocrx_word' id='word_1_141' title='bbox 1372 2102 1816 2157; x_wconf 75' lang='lat' dir='ltr'>„exspectavimus”</span> 
     </span>
     <span class='ocr_line' id='line_1_22' title="bbox 331 2190 1817 2247; baseline -0.001 -12"><span class='ocrx_word' id='word_1_142' title='bbox 331 2192 549 2247; x_wconf 79' lang='lat' dir='ltr'>legamus</span> <span class='ocrx_word' id='word_1_143' title='bbox 614 2190 1007 2245; x_wconf 68' lang='lat' dir='ltr'>„specta-x‘iinus&#39;&#39;,</span> <span class='ocrx_word' id='word_1_144' title='bbox 1068 2190 1143 2234; x_wconf 88' lang='lat' dir='ltr'>cui</span> <span class='ocrx_word' id='word_1_145' title='bbox 1191 2191 1386 2234; x_wconf 80' lang='lat' dir='ltr'>lectioni</span> <span class='ocrx_word' id='word_1_146' title='bbox 1435 2191 1674 2235; x_wconf 86' lang='lat' dir='ltr'>neminem</span> <span class='ocrx_word' id='word_1_147' title='bbox 1721 2206 1817 2235; x_wconf 91' lang='lat' dir='ltr'>non</span> 
     </span>
     <span class='ocr_line' id='line_1_23' title="bbox 333 2274 1447 2335; baseline -0.002 -11"><span class='ocrx_word' id='word_1_148' title='bbox 333 2274 639 2324; x_wconf 75' lang='lat' dir='ltr'>assensurum</span> <span class='ocrx_word' id='word_1_149' title='bbox 673 2280 788 2323; x_wconf 89' lang='lat' dir='ltr'>mihi</span> <span class='ocrx_word' id='word_1_150' title='bbox 823 2280 1015 2335; x_wconf 81' lang='lat' dir='ltr'>quidem</span> <span class='ocrx_word' id='word_1_151' title='bbox 1048 2295 1329 2334; x_wconf 87' lang='lat' dir='ltr'>persuasum</span> <span class='ocrx_word' id='word_1_152' title='bbox 1364 2282 1447 2324; x_wconf 89' lang='lat' dir='ltr'>est.</span> 
     </span>
    </p>

    <p class='ocr_par' dir='ltr' id='par_1_4' title="bbox 334 2367 1819 2679">
     <span class='ocr_line' id='line_1_24' title="bbox 393 2367 1819 2423; baseline 0 -12"><span class='ocrx_word' id='word_1_153' title='bbox 393 2368 454 2412; x_wconf 74' lang='lat' dir='ltr'>Vi</span> <span class='ocrx_word' id='word_1_154' title='bbox 487 2368 796 2412; x_wconf 86' lang='lat' dir='ltr'>lacrimarum</span> <span class='ocrx_word' id='word_1_155' title='bbox 830 2368 1029 2423; x_wconf 85' lang='lat' dir='ltr'>profusa</span> <span class='ocrx_word' id='word_1_156' title='bbox 1057 2367 1296 2421; x_wconf 82' lang='lat' dir='ltr'>Quartilla</span> <span class='ocrx_word' id='word_1_157' title='bbox 1322 2368 1519 2411; x_wconf 87' lang='lat' dir='ltr'>tandem</span> <span class='ocrx_word' id='word_1_158' title='bbox 1549 2369 1607 2411; x_wconf 91' lang='lat' dir='ltr'>ad</span> <span class='ocrx_word' id='word_1_159' title='bbox 1627 2382 1676 2412; x_wconf 91' lang='lat' dir='ltr'>se</span> <span class='ocrx_word' id='word_1_160' title='bbox 1694 2367 1819 2411; x_wconf 88' lang='lat' dir='ltr'>redit</span> 
     </span>
     <span class='ocr_line' id='line_1_25' title="bbox 334 2457 1818 2512; baseline 0 -12"><span class='ocrx_word' id='word_1_161' title='bbox 334 2460 381 2500; x_wconf 91' lang='lat' dir='ltr'>et</span> <span class='ocrx_word' id='word_1_162' title='bbox 429 2457 588 2501; x_wconf 71' lang='lat' dir='ltr'>verbis</span> <span class='ocrx_word' id='word_1_163' title='bbox 634 2457 930 2512; x_wconf 77' lang='lat' dir='ltr'>gravissimis</span> <span class='ocrx_word' id='word_1_164' title='bbox 974 2457 1191 2511; x_wconf 91' lang='lat' dir='ltr'>increpat</span> <span class='ocrx_word' id='word_1_165' title='bbox 1234 2457 1364 2501; x_wconf 82' lang='lat' dir='ltr'>fures</span> <span class='ocrx_word' id='word_1_166' title='bbox 1407 2457 1552 2512; x_wconf 90' lang='lat' dir='ltr'>pallii.</span> <span class='ocrx_word' id='word_1_167' title='bbox 1588 2457 1659 2501; x_wconf 88' lang='lat' dir='ltr'>Eo</span> <span class='ocrx_word' id='word_1_168' title='bbox 1693 2457 1818 2501; x_wconf 89' lang='lat' dir='ltr'>enim</span> 
     </span>
     <span class='ocr_line' id='line_1_26' title="bbox 334 2546 1819 2601; baseline 0 -12"><span class='ocrx_word' id='word_1_169' title='bbox 334 2550 554 2601; x_wconf 88' lang='lat' dir='ltr'>spectare</span> <span class='ocrx_word' id='word_1_170' title='bbox 602 2546 752 2589; x_wconf 72' lang='lat' dir='ltr'>verba</span> <span class='ocrx_word' id='word_1_171' title='bbox 798 2546 903 2600; x_wconf 74' lang='lat' dir='ltr'>illa,</span> <span class='ocrx_word' id='word_1_172' title='bbox 940 2561 1205 2601; x_wconf 77' lang='lat' dir='ltr'>„quaenam</span> <span class='ocrx_word' id='word_1_173' title='bbox 1239 2548 1309 2590; x_wconf 88' lang='lat' dir='ltr'>est</span> <span class='ocrx_word' id='word_1_174' title='bbox 1342 2546 1462 2589; x_wconf 91' lang='lat' dir='ltr'>haec</span> <span class='ocrx_word' id='word_1_175' title='bbox 1496 2546 1701 2590; x_wconf 88' lang='lat' dir='ltr'>audacia</span> <span class='ocrx_word' id='word_1_176' title='bbox 1735 2548 1819 2589; x_wconf 88' lang='lat' dir='ltr'>aut</span> 
     </span>
     <span class='ocr_line' id='line_1_27' title="bbox 334 2634 1818 2679; baseline 0 -2"><span class='ocrx_word' id='word_1_177' title='bbox 334 2634 413 2678; x_wconf 89' lang='grc'>11111</span> <span class='ocrx_word' id='word_1_178' title='bbox 463 2635 652 2679; x_wconf 86' lang='lat' dir='ltr'>fabulas</span> <span class='ocrx_word' id='word_1_179' title='bbox 704 2635 850 2678; x_wconf 89' lang='lat' dir='ltr'>etiam</span> <span class='ocrx_word' id='word_1_180' title='bbox 894 2637 1205 2679; x_wconf 86' lang='lat' dir='ltr'>antecessura</span> <span class='ocrx_word' id='word_1_181' title='bbox 1252 2634 1509 2678; x_wconf 86' lang='lat' dir='ltr'>latrocinia</span> <span class='ocrx_word' id='word_1_182' title='bbox 1556 2634 1818 2678; x_wconf 81' lang='lat' dir='ltr'>didicistis&#39;&#39;</span> 
     </span>
    </p>
   </div>
   <div class='ocr_carea' id='block_1_3' title="bbox 336 2722 1819 2778">
    <p class='ocr_par' dir='ltr' id='par_1_5' title="bbox 336 2722 1819 2778">
     <span class='ocr_line' id='line_1_28' title="bbox 336 2722 1819 2778; baseline 0 -13"><span class='ocrx_word' id='word_1_183' title='bbox 336 2722 412 2766; x_wconf 78' lang='lat' dir='ltr'>vel</span> <span class='ocrx_word' id='word_1_184' title='bbox 425 2722 586 2777; x_wconf 89' lang='lat' dir='ltr'>potius</span> <span class='ocrx_word' id='word_1_185' title='bbox 600 2723 916 2777; x_wconf 87' lang='lat' dir='ltr'>posteriorem</span> <span class='ocrx_word' id='word_1_186' title='bbox 929 2727 1117 2778; x_wconf 88' lang='lat' dir='ltr'>partem</span> <span class='ocrx_word' id='word_1_187' title='bbox 1128 2723 1269 2767; x_wconf 78' lang='lat' dir='ltr'>huius</span> <span class='ocrx_word' id='word_1_188' title='bbox 1283 2723 1550 2767; x_wconf 88' lang='lat' dir='ltr'>sententiae</span> <span class='ocrx_word' id='word_1_189' title='bbox 1564 2723 1625 2766; x_wconf 90' lang='lat' dir='ltr'>ad</span> <span class='ocrx_word' id='word_1_190' title='bbox 1638 2722 1819 2766; x_wconf 90' lang='lat' dir='ltr'>furtum</span> 
     </span>
    </p>
   </div>
  </div>
 </body>
</html>
