1945 3381
818 274 870 315 19

100 425 250 481 quinti
280 426 466 479 decimi,
497 426 575 469 ubi
608 425 810 482 legimus
837 425 957 468 hace
988 424 1156 467 verba:
1190 438 1290 479 „res
1309 438 1431 478 quac
1450 422 1576 465 vide-

989 513 997 529 3

98 516 264 558 rentur
316 514 364 556 in
421 514 800 557 controversiam
853 513 982 556 esse.'
1057 512 1181 564 Quid
1229 511 1414 564 obstat,
1464 510 1576 565 quin

100 601 536 657 „controversiam”
551 603 900 645 commutemus
920 601 965 643 in
987 598 1374 656 „controversia”
1386 598 1407 641 ‘?
1422 597 1575 641 Probe

97 688 218 742 scio,
252 688 380 731 hunc
410 704 557 732 unum
603 703 705 732 esse
736 688 896 732 locum
934 687 1301 740 Petronianum,
1338 686 1419 729 ubi
1457 686 1576 728 haec

97 775 246 819 verba
301 776 602 830 reperiantur
649 779 697 819 ct
743 790 799 818 ea
846 776 905 818 de
952 790 1098 818 causa
1144 773 1427 829 perdifficile
1475 786 1576 816 esse

95 863 381 918 diiudicare,
408 866 567 907 utram
584 863 840 907 lectionem
860 878 1009 919 genus
1028 862 1216 906 dicendi
1234 861 1577 905 Petroniannm

96 951 335 994 desideret
380 966 534 1006 neque
580 951 750 1006 ignoro
793 950 919 1005 apud
954 950 1210 1004 scriptores
1243 948 1442 992 Latinos
1475 948 1576 991 eius

95 1039 270 1082 aetatis
317 1039 470 1082 multa
517 1039 614 1081 alia
662 1038 892 1081 eiusmodi
942 1051 1209 1091 occurrere,
1244 1037 1324 1080 sed
1362 1039 1576 1091 „contro-

97 1127 280 1171 versia”
330 1127 445 1170 mihi
492 1127 645 1171 multo
693 1128 846 1182 magis
890 1126 1048 1180 placet
1093 1140 1235 1180 quam
1272 1128 1575 1178 „controver-

95 1216 256 1259 siam”.
306 1216 397 1259 Sed
442 1219 495 1259 ut
542 1216 822 1259 omittamus
860 1215 985 1258 hanc
1018 1214 1152 1268 parvi
1187 1213 1416 1257 momenti
1451 1229 1573 1267 rem,

94 1301 438 1359 persequamur
470 1306 644 1348 cetera.

154 1392 304 1444 Quem
353 1392 533 1436 exitum
587 1392 733 1435 habet
792 1391 987 1446 querela
1044 1390 1210 1433 mota‘?
1264 1389 1385 1433 Eum
1435 1405 1575 1445 quem

94 1481 233 1524 amici
284 1480 432 1524 nostri
477 1482 805 1535 speraverunt.
842 1479 1154 1534 „Indignatus
1188 1478 1311 1521 enim
1346 1477 1575 1531 rusticus,

95 1569 219 1623 quod
268 1583 353 1612 nos
398 1570 650 1612 centonem
685 1568 1005 1611 exhibendum
1040 1566 1414 1621 postularemus,
1447 1565 1575 1608 misit

94 1656 140 1699 in
173 1656 345 1699 faciem
385 1656 570 1711 Ascylti
605 1656 819 1699 tunicam
854 1658 900 1699 et
933 1655 1162 1698 liberatos
1196 1653 1408 1709 querella
1440 1652 1577 1695 iussit

93 1745 290 1799 pallium
349 1745 631 1800 deponere”.
681 1745 774 1787 Hic
821 1745 996 1788 haereo
1045 1744 1091 1786 in
1142 1758 1284 1797 voce⁷
1334 1757 1456 1797 quae
1504 1744 1575 1785 est

96 1832 395 1888 „liberatos”
438 1833 575 1876 Itane
620 1832 724 1876 est‘?
768 1832 997 1886 Ascyltus
1031 1833 1078 1874 et
1110 1829 1370 1884 Encolpius
1403 1831 1574 1872 suntne

92 1935 143 1963 re
191 1935 306 1963 vera
354 1935 382 1963 a
430 1920 609 1964 rustico
659 1920 873 1975 querella
918 1919 1133 1972 liberati,
1179 1933 1285 1961 cum
1330 1917 1496 1960 tunica
1529 1916 1573 1959 in

93 2007 281 2062 Ascylti
345 2008 520 2051 faciem
584 2008 728 2051 missa
790 2008 894 2051 est?
958 2007 1065 2051 Non
1115 2007 1282 2060 credo,
1332 2006 1477 2049 immo
1526 2020 1575 2048 se

92 2095 246 2150 ipsum
290 2096 503 2151 querella
545 2096 792 2150 liberavit,
827 2111 938 2139 nam
971 2095 1231 2150 Encolpius
1265 2096 1313 2138 et
1346 2094 1574 2148 Ascyltus

92 2184 209 2227 1111111
273 2184 428 2228 minus
491 2184 685 2228 obnoxii
750 2187 859 2228 sunt
924 2183 1107 2227 crimini
1173 2182 1303 2237 pallii
1354 2182 1572 2236 surrepti.

93 2271 396 2326 Quapropter
428 2272 777 2316 restituendum
812 2286 911 2315 esse
945 2272 1138 2315 videtur
1174 2270 1474 2326 „liberatus'’.

150 2359 296 2403 Hisce
338 2359 546 2403 feliciter
586 2360 793 2414 peractis
825 2359 941 2403 socii
975 2358 1262 2413 praecipites
1296 2358 1490 2401 domum
1524 2372 1573 2401 se

92 2447 328 2501 recipiunt
367 2450 416 2491 et
446 2447 707 2502 praeclusis
740 2447 922 2490 foribus
956 2447 1111 2490 rident
1146 2446 1460 2489 calliditatem
1495 2446 1574 2489 ad-

93 2534 426 2578 versariorum.
463 2534 596 2579 Cena
629 2534 818 2579 Gitonis
853 2550 995 2577 manu
1026 2536 1198 2589 parata
1231 2534 1356 2577 vires
1391 2548 1573 2576 recrea-

94 2622 231 2676 bant,
281 2638 386 2666 cum
427 2623 585 2666 subito
619 2623 794 2666 ostium
831 2637 951 2677 „non
985 2622 1101 2665 satis
1135 2621 1306 2664 audaci
1340 2620 1573 2675 strepitu''

92 2709 333 2764 pulsatum
392 2713 486 2763 est,
543 2710 645 2753 sive
708 2713 757 2753 ut
816 2710 961 2764 ipsius
1006 2709 1216 2752 Petronii
1259 2709 1415 2752 verbis
1465 2711 1573 2752 utar
