1945 3381
794 272 848 314 23?

136 425 189 467 ln
218 423 436 478 proximo
467 423 717 467 incidimus
747 424 791 466 in
820 424 1115 478 poematium
1141 424 1387 479 eleganter
1412 423 1553 478 serip-

75 514 190 555 tum.
240 511 361 556 Sunt
411 527 573 555 versus
622 511 698 566 qui
749 511 974 555 dicuntur
1020 512 1408 566 hendecasyllabi
1453 512 1553 555 sive

75 600 332 643 Phalaecii.
380 600 653 643 Dolendum
697 602 769 643 est
812 600 937 655 quod
984 600 1177 644 ultimus
1211 615 1375 643 versus
1408 600 1554 643 mani-

74 689 197 732 festo
245 688 437 731 laborat
470 687 612 742 vitio,
647 688 772 742 quod
806 687 995 731 facilius
1029 687 1188 742 detegi
1223 702 1366 742 quam
1400 702 1553 731 emen-

73 775 175 819 dari
218 777 390 830 potest.
426 774 519 819 Sed
552 777 709 818 totum
745 775 1039 829 poematium
1074 767 1425 829 exscribamus,
1460 790 1552 829 quo

73 864 262 908 facilius
319 864 382 908 rei
442 864 775 919 intellegentes
824 864 1089 907 diiudicare
1135 864 1343 919 possint,
1394 865 1552 907 utrum

72 954 203 996 recte
236 952 394 996 dicam
426 967 590 996 necne.

249 1129 401 1183 qualis
434 1143 530 1171 nox
564 1128 654 1171 fuit
688 1128 795 1182 illa,
830 1128 873 1171 di
911 1129 1151 1185 deaeque,

249 1231 389 1271 quam
423 1216 579 1260 mollis
612 1219 768 1270 torus,
804 1217 1043 1261 haesimus
1079 1217 1290 1260 calentes

247 1307 293 1348 et
326 1304 674 1348 transfudimus
706 1305 818 1348 hinc
852 1306 900 1348 et
932 1304 1043 1348 hinc
1076 1304 1262 1348 labellis

247 1394 461 1437 errantes
494 1393 689 1437 animas.
726 1393 909 1447 valete,
945 1408 1089 1436 curae

246 1481 477 1525 mortalis.
512 1495 601 1537 ego
635 1480 702 1525 sie
737 1481 890 1535 perire
926 1480 1075 1535 coepi.

129 1659 270 1703 Addo
321 1659 464 1702 etiam
516 1659 664 1702 verba
711 1672 833 1712 quae
881 1657 1101 1712 proxima
1148 1657 1376 1712 leguntur
1426 1657 1551 1712 „sine

70 1762 216 1791 causa
263 1747 483 1802 gratulor
525 1747 694 1801 mihi,''
728 1762 838 1789 nam
873 1760 1038 1790 eorum
1073 1760 1261 1800 quoque
1295 1745 1342 1788 in
1378 1745 1469 1788 hac
1502 1760 1551 1789 re

70 1835 378 1879 diiudicanda
410 1835 535 1879 ratio
568 1834 791 1878 habenda
824 1840 907 1878 est.
940 1834 1130 1878 Etenim
1160 1834 1320 1889 ecquis
1349 1836 1421 1877 est
1439 1834 1551 1888 quin

68 1924 231 1968 statim
260 1923 447 1978 videat,
474 1924 594 1967 haee
624 1923 771 1967 verba
800 1925 847 1967 et
877 1923 1096 1966 ultimum
1119 1938 1306 1967 versum
1335 1922 1551 1966 cominus

67 2012 192 2056 inter
223 2026 273 2055 se
306 2011 554 2067 pugnare?
588 2010 840 2063 Quomodo
874 2011 974 2054 lieri
1005 2012 1188 2065 potest,
1217 2012 1271 2053 ut
1288 2009 1550 2064 Encolpius

68 2101 155 2145 sibi
198 2101 483 2156 gratuletur,
525 2102 779 2155 postquam
826 2099 1001 2143 cecinit
1033 2114 1083 2143 se
1116 2099 1330 2153 coepisse
1363 2098 1550 2153 perire?

128 2188 177 2233 Si
218 2189 354 2233 nobis
392 2204 466 2232 res
501 2191 626 2232 esset
658 2203 765 2232 eum
803 2187 1022 2231 (⁷)ratione
1056 2187 1239 2241 soluta,
1275 2186 1549 2230 emendatio

68 2278 183 2321 satis
231 2280 354 2322 esset
401 2277 544 2331 levis,
587 2292 697 2320 nam
732 2277 766 2320 si
805 2291 889 2331 pro
926 2276 1119 2332 „coepi”
1152 2275 1549 2319 substitueremus

71 2365 282 2421 „cupio'',
302 2365 541 2409 sententia
558 2367 689 2408 reete
712 2364 994 2419 procederet
1010 2380 1017 2413 ;
1037 2364 1119 2407 sed
1137 2378 1548 2418 supervacaneum

69 2455 139 2496 est
172 2468 247 2496 me
280 2467 495 2506 monere,
530 2454 734 2496 metrum
770 2452 881 2495 huic
915 2451 1170 2494 mutationi
1206 2451 1412 2494 obstare.
1441 2450 1546 2493 Non

68 2541 183 2584 satis
230 2541 343 2584 mihi
393 2543 606 2595 constat,
656 2540 766 2595 quid
815 2540 907 2583 hoe
958 2539 1103 2582 verbo
1146 2538 1403 2591 faciamus,
1437 2553 1548 2581 nam

68 2628 251 2671 nullum
295 2629 517 2683 verbum,
550 2629 676 2684 quod
710 2628 898 2683 quidem
935 2627 1136 2671 eandem
1169 2628 1268 2670 fere
1302 2626 1547 2670 notionem

68 2717 244 2760 habeat
277 2719 421 2772 atque
457 2717 669 2772 „oupi0'',
707 2718 860 2759 metro
896 2715 1136 2759 eonvenit.
1172 2714 1304 2767 Quae
1339 2730 1445 2757 eum
1481 2714 1549 2757 ita
