1945 3381
805 277 860 319 35

95 425 251 481 gitata
297 441 355 469 ne
398 426 557 481 ignem
601 427 789 482 quidem
825 428 1073 471 admotum
1107 429 1329 473 sensisset
1364 431 1411 472 et
1442 429 1576 473 forsi-

95 515 179 556 tan
225 515 640 567 pernoctassemus
688 514 735 557 in
767 515 953 569 limine,
987 516 1033 558 ni
1062 516 1342 560 tabellarius
1374 517 1575 560 Trimal-

96 600 278 644 chionis
319 601 657 645 intervenisset
696 602 742 645 X
776 603 1008 647 vehiculis
1038 603 1184 647 dives.
1218 618 1313 647 non
1346 604 1426 647 diu
1461 619 1575 659 ergo

94 688 417 732 tumultuatus
450 690 625 733 stabuli
659 690 853 733 ianuam
883 691 1077 746 effregit
1105 693 1152 735 et
1168 706 1255 735 nos
1273 706 1358 746 per
1374 692 1575 735 eandem

94 774 221 818 intro
250 776 484 821 ad1nisit”.
515 776 734 829 Quantae
762 778 993 833 ineptiae!
1024 779 1186 823 Media
1217 782 1360 823 nocte
1389 780 1577 824 exsistit

94 864 341 917 tamquam
390 864 561 919 aliquis
610 866 754 919 „deus
787 880 845 909 ex
878 866 1131 910 inaohina”
1165 867 1446 911 tabellarius
1479 867 1577 923 qui-

95 951 206 994 dam
238 950 608 997 Trimalchionis
640 968 793 1008 neque
821 954 859 998 is
878 970 998 998 unus
1016 955 1291 1009 multorum,
1310 955 1392 999 sed
1411 956 1575 999 decem

96 1040 328 1084 vehiculis
375 1041 521 1085 dives.
569 1041 656 1085 Est
696 1042 915 1096 profecto
964 1057 1143 1086 novum
1190 1058 1339 1098 genus
1382 1058 1576 1087 censum

95 1128 358 1183 cuiuspiam
393 1129 652 1173 deferendi.
688 1129 778 1173 Sed
808 1130 987 1174 relictis
1013 1131 1130 1174 iocis
1148 1131 1272 1175 seria
1288 1132 1576 1176 tractemus!

95 1216 149 1259 In
209 1231 357 1271 „cena
413 1217 812 1261 'Trimalchionis'
869 1218 1006 1261 multi
1066 1218 1255 1273 quidem
1305 1218 1471 1261 famuli
1520 1234 1576 1262 ac

95 1304 297 1348 ministri
346 1332 401 1335 —
444 1320 598 1360 neque
648 1308 718 1349 est
767 1306 893 1360 quod
942 1305 1171 1349 miremur
1202 1334 1257 1335 j
1292 1321 1576 1350 commemo—

95 1396 284 1448 rantur,
334 1399 404 1437 set
440 1409 674 1449 nusquam
721 1393 1002 1437 tabellarius
1045 1394 1300 1437 invenitur.
1336 1393 1472 1446 Quod
1506 1410 1576 1438 su-

95 1481 354 1536 spicionem
385 1485 574 1537 movet,
609 1497 899 1537 quamquain
933 1482 1076 1526 facile
1105 1483 1318 1526 concedo
1347 1483 1391 1526 id
1421 1483 1576 1537 ipsum

95 1573 431 1625 argumentum
458 1585 552 1613 non
572 1585 673 1614 esse
692 1571 882 1614 iustum.
904 1570 996 1614 Sed
1021 1570 1131 1625 quid
1152 1571 1239 1614 sibi
1258 1571 1364 1614 vult,
1381 1571 1578 1614 tabella-

96 1658 191 1702 rius
220 1659 333 1713 iste,
362 1658 651 1714 intempesta
679 1662 821 1702 noete
840 1674 924 1714 per
942 1659 1107 1702 urbem
1127 1659 1410 1703 ambulans?
1430 1659 1576 1702 Estne

96 1746 141 1789 id
180 1746 389 1790 maxime
421 1747 645 1791 idoneum
680 1750 892 1802 tempus,
926 1762 1019 1802 quo
1054 1748 1240 1791 litteras
1272 1747 1517 1802 perferat?

156 1835 231 1879 An
280 1836 495 1879 ambulat
542 1836 685 1879 animi
731 1836 1068 1880 tantummodo
1104 1837 1282 1880 causa?
1318 1836 1392 1879 An
1427 1842 1577 1891 φιλαυ-

96 1930 294 1981 θρωπίαν
343 1925 569 1968 θΧοΙ-(τοΐὶ)
613 1925 689 1968 An
733 1940 759 1968 a
804 1924 1161 1969 Trimalchione
1193 1925 1362 1968 missus
1396 1928 1490 1980 est,
1527 1928 1576 1968 ut

96 2015 324 2068 sequatur
372 2013 611 2068 fugientes
659 2016 706 2057 et
748 2013 935 2056 litteras
978 2013 1044 2057 eis
1077 2013 1259 2066 tradat,
1294 2013 1462 2068 quibus
1497 2027 1576 2057 eos

97 2101 156 2144 ad
191 2115 359 2144 cenam
391 2102 622 2145 revocet?
656 2101 786 2145 Nihil
820 2101 1075 2156 quicquam
1101 2100 1201 2144 eius
1228 2100 1355 2144 modi
1377 2115 1401 2143 e
1421 2100 1577 2143 verbis

96 2196 341 2250 scriptoris
400 2198 614 2250 apparet.
672 2196 849 2249 Immo,
897 2194 1014 2238 nihil
1062 2194 1161 2249 agit
1211 2194 1340 2237 aliud
1389 2193 1476 2236 nisi
1524 2196 1578 2235 ut

95 2285 471 2328 tumultuatores
520 2300 663 2339 quam
713 2284 959 2327 celerrime
1005 2282 1312 2326 intromittat.
1360 2281 1424 2324 Et
1465 2281 1576 2336 quid

97 2373 272 2416 attinet
335 2373 382 2416 in
444 2373 537 2416 hoc
600 2374 831 2416 contextu
895 2370 1126 2414 orationis
1175 2383 1576 2422 comme-morare,

96 2461 402 2505 tabellarium
465 2461 608 2505 istum
670 2476 770 2504 esse
829 2459 1070 2502 hominem
1129 2459 1293 2502 decem
1345 2457 1577 2501 vehiculis

97 2550 330 2594 divitem?
366 2550 490 2593 Num
522 2552 720 2604 possunt
748 2549 1013 2592 illadeeem
1035 2546 1258 2590 vehicula
1278 2545 1577 2601 „exsulibus”

96 2638 271 2681 nostris
313 2638 568 2692 quicquam
611 2637 836 2692 prodesse
870 2637 929 2680 ad
963 2636 1157 2678 ianuam
1192 2633 1576 2689 effringendam‘?

98 2726 144 2769 Si
179 2726 346 2769 salutis
381 2728 552 2768 auc-tor
585 2725 663 2768 ille
697 2727 821 2768 osset
855 2724 969 2779 vigil
1004 2722 1194 2777 aliquis7
1227 2736 1481 2765 accurrens
1516 2721 1574 2763 ad
