1945 3381
1143 262 1199 303 30

431 413 490 456 ad
524 413 820 457 hilaritatem
851 414 1137 457 excitantur.
1167 413 1386 468 Exempli
1415 428 1562 457 causa
1590 427 1915 457 commemoro

432 502 684 546 cinaedum
732 502 1000 558 „hominem
1045 502 1257 545 omnium
1297 501 1661 545 insulsissimum
1694 504 1742 545 et
1774 501 1916 556 plane

431 590 513 633 illa
560 591 704 634 domo
753 590 999 646 dignuns',
1040 590 1117 645 qni
1162 592 1418 645 postquam
1452 605 1646 634 carmen
1679 590 1796 634 satis
1828 590 1917 634 las-

432 678 593 722 civum
630 678 987 733 pronuntiavit,
1026 679 1282 733 Ascyltum
1317 682 1365 723 et
1397 679 1684 734 Encolpium
1719 678 1916 722 alternis

431 766 676 810 blanditiis
737 770 894 811 vexat.
944 767 1195 811 Postremo
1237 768 1424 822 Psyche
1467 768 1644 811 ancilla
1689 767 1738 810 in
1784 782 1917 822 prae—

431 855 614 898 clarum
648 855 817 899 incidit
850 855 1126 910 consilium,
1162 855 1289 910 quod
1324 855 1590 908 Quartillae
1617 855 1841 899 dominae
1868 855 1916 898 in

431 959 596 988 aurem
634 944 916 988 insusurrat.
951 945 1112 999 Atque
1145 944 1251 999 illa7
1287 959 1429 1000 quam
1464 944 1765 999 propositum
1797 943 1917 988 mire

431 1033 666 1087 delectat,
710 1033 872 1076 statim
914 1048 1013 1077 rem
1059 1033 1228 1077 confici
1264 1033 1410 1077 iubet.
1450 1033 1574 1088 „Ita7
1608 1033 1675 1076 ita
1690 1032 1732 1088 ,”
1763 1033 1917 1088 inquit

433 1121 580 1176 „bene
630 1121 920 1164 admonuisti
972 1136 1056 1165 cur
1103 1136 1217 1176 non,
1268 1122 1380 1177 quia
1423 1121 1683 1165 bellissima
1724 1121 1916 1165 occasio

431 1212 525 1264 est,
584 1209 919 1265 devirginatur
975 1210 1249 1266 Pannychis
1296 1210 1525 1255 nostra‘?”
1572 1210 1636 1254 Et
1682 1210 1917 1266 neglectis

431 1299 652 1354 precibus
715 1298 933 1353 Encolpii
998 1299 1196 1353 nuptiae
1256 1298 1446 1343 Gitonis
1498 1302 1545 1342 et
1592 1297 1917 1353 Pannychidis

432 1390 676 1443 parantur.
725 1388 987 1442 Encolpius
1035 1387 1160 1431 enim
1208 1414 1263 1417 —
1312 1388 1393 1431 sed
1441 1387 1596 1442 ipsum
1638 1389 1915 1431 narrantem

430 1477 689 1521 faciamus:
751 1492 866 1532 „nec
924 1476 1126 1531 Gitona,
1189 1476 1647 1521 verecundissimum
1690 1491 1916 1530 puerum,

430 1566 651 1610 sufficere
683 1566 797 1609 huic
829 1566 1129 1620 petulantiae
1162 1566 1427 1620 affirmavi,
1462 1581 1550 1609 nec
1578 1566 1787 1621 puellam
1817 1565 1917 1609 eius

431 1655 606 1698 aetatis
641 1670 765 1709 esse7
802 1661 854 1698 ut
887 1654 1132 1698 muliebris
1158 1655 1423 1709 patientiae
1442 1655 1598 1711 legem
1616 1657 1777 1710 posset
1795 1655 1916 1698 acci-

430 1744 586 1798 pere.'⁸
622 1743 857 1796 Quartilla
878 1743 1022 1799 longe
1056 1743 1116 1787 ab
1135 1742 1235 1787 eius
1253 1743 1494 1787 sententia
1512 1743 1753 1798 discrepat
1771 1745 1917 1799 atque

430 1859 485 1861 —
507 1835 557 1875 ut
592 1848 699 1875 cuni
735 1832 908 1876 Ovidio
927 1833 1183 1887 loquamur
1204 1847 1385 1888 „neque
1404 1833 1528 1877 enim
1547 1832 1753 1876 flammis
1769 1832 1916 1877 habet

431 1920 590 1975 aptius
641 1921 738 1964 ulla
785 1920 984 1964 Talibus
1027 1920 1302 1976 ingenium”
1347 1948 1398 1951 —
1444 1924 1731 1977 argumento
1765 1921 1918 1965 utitur

431 2024 490 2052 ex
533 2009 680 2063 ipsius
726 2009 825 2053 vita
865 2013 1071 2065 sumpto.
1108 2010 1213 2054 Hoc
1249 2010 1375 2053 enim
1408 2024 1690 2065 responsum
1724 2010 1916 2054 virtutis

432 2112 575 2140 verae
624 2100 786 2141 custos
835 2098 1111 2154 rigidusque
1160 2098 1353 2142 satelles
1398 2098 1515 2142 fert:
1556 2098 1625 2141 ita
1658 2102 1814 2142 minor
1846 2100 1917 2142 est¹

430 2185 522 2228 ista
572 2200 713 2240 quam
764 2201 854 2241 ego
897 2186 990 2239 fui⁷
1035 2202 1142 2230 cum
1175 2187 1381 2241 primum
1419 2187 1569 2230 virum
1604 2202 1745 2241 passa
1777 2187 1916 2231 sum?

393 2274 402 2281 ’
433 2274 664 2317 Ι11110110111
700 2289 853 2318 meam
884 2275 1057 2318 iratam
1087 2275 1317 2330 habeam,
1347 2275 1383 2319 si
1412 2290 1624 2330 unquam
1652 2290 1727 2319 me
1754 2274 1916 2319 memi-

430 2362 581 2405 nerim
632 2363 866 2418 virginem
914 2364 1059 2407 fuisse
1106 2379 1217 2407 nam
1267 2368 1314 2407 et
1362 2364 1518 2408 infans
1566 2379 1673 2407 cum
1722 2363 1916 2419 paribus

431 2450 663 2494 inclinata
706 2451 839 2495 sum”
875 2466 912 2495 0.
947 2468 987 2506 q.
1023 2467 1056 2496 s.
1092 2452 1393 2507 Responsum
1428 2466 1521 2507 quo
1555 2451 1768 2507 apertius
1799 2451 1917 2506 fingi

431 2553 489 2581 ne
539 2541 655 2582 voto
699 2539 889 2594 quidem
933 2543 1105 2594 potest.
1141 2540 1499 2584 Tantummodo
1533 2540 1710 2583 haereo
1743 2539 1791 2582 in
1824 2538 1916 2582 illis

432 2627 631 2670 vocibus
697 2643 832 2683 „cum
891 2628 1085 2682 paribus
1142 2628 1376 2672 inclinata
1428 2628 1576 2672 sum.''
1625 2627 1747 2680 Quid
1795 2628 1915 2671 haec

434 2715 576 2757 verba
623 2715 894 2770 significare
933 2716 1162 2771 debeant,
1199 2731 1338 2760 nemo
1371 2732 1465 2760 non
1499 2717 1749 2771 intellegit.
1784 2716 1915 2759 Dicit
